timestamp,datapath_id,flow_id,src_ip,dst_ip,src_port,dst_port,protocol,duration_sec,duration_nsec,idle_timeout,hard_timeout,priority,packet_count,byte_count,packet_rate,byte_rate,flow_speed,packets_per_flow,bytes_per_packet,bytes_per_flow,flow_duration,flow_iat,active_time,label,src_ip_numeric,dst_ip_numeric,packets_per_second,bytes_per_second,bytes_per_packet_ratio,is_tcp,is_udp,is_icmp,is_well_known_port
2025-10-24T15:31:56.928447,1,1_0.0.0.0_0.0.0.0_0_0_0,0.0.0.0,0.0.0.0,0,0,0,4,5000000,10,30,1,8,760,1.9975031210986267,189.76279650436956,1.9975031210986267,8,95.0,760,4.005,0.0,4.005,0,0,0,1.9975026223464114,189.76274912290907,84.44444444444444,0,0,0,0
2025-10-24T15:31:56.928860,1,1_0.0.0.0_0.0.0.0_0_0_0,0.0.0.0,0.0.0.0,0,0,0,3,999000000,10,30,1,8,740,0.0,0.0,0.0,8,92.5,740,3.999,0.0,3.999,0,0,0,2.000499624781289,185.04621529226924,82.22222222222223,0,0,0,0
2025-10-24T15:31:56.932048,1,1_0.0.0.0_0.0.0.0_0_0_0,0.0.0.0,0.0.0.0,0,0,0,3,992000000,10,30,1,7,686,0.0,0.0,0.0,7,98.0,686,3.992,0.0,3.992,0,0,0,1.753506574772902,171.8436443277444,85.75,0,0,0,0
2025-10-24T15:31:56.932391,1,1_0.0.0.0_0.0.0.0_0_0_0,0.0.0.0,0.0.0.0,0,0,0,3,512000000,10,30,1,7,686,0.0,0.0,0.0,7,98.0,686,3.512,0.0,3.512,0,0,0,1.993165719485843,195.3302405096126,85.75,0,0,0,0
2025-10-24T15:31:56.932591,1,1_0.0.0.0_0.0.0.0_0_0_0,0.0.0.0,0.0.0.0,0,0,0,2,475000000,10,30,1,4,392,0.0,0.0,0.0,4,98.0,392,2.475,0.0,2.475,0,0,0,1.6161609631672875,158.38377439039417,78.4,0,0,0,0
2025-10-24T15:31:56.932783,1,1_0.0.0.0_0.0.0.0_0_0_0,0.0.0.0,0.0.0.0,0,0,0,2,462000000,10,30,1,4,392,0.0,0.0,0.0,4,98.0,392,2.462,0.0,2.462,0,0,0,1.6246947097097033,159.22008155155092,78.4,0,0,0,0
2025-10-24T15:31:56.933161,1,1_0.0.0.0_0.0.0.0_0_0_0,0.0.0.0,0.0.0.0,0,0,0,2,431000000,10,30,1,3,294,0.0,0.0,0.0,3,98.0,294,2.431,0.0,2.431,0,0,0,1.234059549954936,120.93783589558375,73.5,0,0,0,0
2025-10-24T15:31:56.933849,1,1_0.0.0.0_0.0.0.0_0_0_0,0.0.0.0,0.0.0.0,0,0,0,1,996000000,10,30,1,4,392,0.0,0.0,0.0,4,98.0,392,1.996,0.0,1.996,0,0,0,2.0040070120205353,196.39268717801244,78.4,0,0,0,0
2025-10-24T15:31:56.944600,4,4_0.0.0.0_0.0.0.0_0_0_0,0.0.0.0,0.0.0.0,0,0,0,2,475000000,10,30,1,8,784,3.2323232323232323,316.76767676767673,3.2323232323232323,8,98.0,784,2.475,0.0,2.475,0,0,0,3.232321926334575,316.76754878078833,87.11111111111111,0,0,0,0
2025-10-24T15:31:56.944824,4,4_0.0.0.0_0.0.0.0_0_0_0,0.0.0.0,0.0.0.0,0,0,0,2,462000000,10,30,1,9,882,0.0,0.0,0.0,9,98.0,882,2.462,0.0,2.462,0,0,0,3.6555630968468327,358.2451834909896,88.2,0,0,0,0
2025-10-24T15:31:56.945097,4,4_0.0.0.0_0.0.0.0_0_0_0,0.0.0.0,0.0.0.0,0,0,0,2,462000000,10,30,1,4,392,0.0,0.0,0.0,4,98.0,392,2.462,0.0,2.462,0,0,0,1.6246947097097033,159.22008155155092,78.4,0,0,0,0
2025-10-24T15:31:56.945202,4,4_0.0.0.0_0.0.0.0_0_0_0,0.0.0.0,0.0.0.0,0,0,0,2,462000000,10,30,1,3,294,0.0,0.0,0.0,3,98.0,294,2.462,0.0,2.462,0,0,0,1.2185210322822775,119.4150611636632,73.5,0,0,0,0
2025-10-24T15:31:56.945311,4,4_0.0.0.0_0.0.0.0_0_0_0,0.0.0.0,0.0.0.0,0,0,0,2,462000000,10,30,1,3,294,0.0,0.0,0.0,3,98.0,294,2.462,0.0,2.462,0,0,0,1.2185210322822775,119.4150611636632,73.5,0,0,0,0
2025-10-24T15:31:56.945403,4,4_0.0.0.0_0.0.0.0_0_0_0,0.0.0.0,0.0.0.0,0,0,0,2,455000000,10,30,1,3,294,0.0,0.0,0.0,3,98.0,294,2.455,0.0,2.455,0,0,0,1.2219954289224322,119.75555203439835,73.5,0,0,0,0
2025-10-24T15:31:56.946278,4,4_0.0.0.0_0.0.0.0_0_0_0,0.0.0.0,0.0.0.0,0,0,0,1,992000000,10,30,1,3,294,0.0,0.0,0.0,3,98.0,294,1.992,0.0,1.992,0,0,0,1.5060233403497287,147.5902873542734,73.5,0,0,0,0
2025-10-24T15:31:56.946577,4,4_0.0.0.0_0.0.0.0_0_0_0,0.0.0.0,0.0.0.0,0,0,0,1,992000000,10,30,1,3,294,0.0,0.0,0.0,3,98.0,294,1.992,0.0,1.992,0,0,0,1.5060233403497287,147.5902873542734,73.5,0,0,0,0
2025-10-24T15:31:56.946740,3,3_0.0.0.0_0.0.0.0_0_0_0,0.0.0.0,0.0.0.0,0,0,0,2,480000000,10,30,1,4,392,1.6129032258064515,158.06451612903226,1.6129032258064515,4,98.0,392,2.48,0.0,2.48,0,0,0,1.61290257544251,158.06445239336597,78.4,0,0,0,0
2025-10-24T15:31:56.946852,3,3_0.0.0.0_0.0.0.0_0_0_0,0.0.0.0,0.0.0.0,0,0,0,2,480000000,10,30,1,4,392,0.0,0.0,0.0,4,98.0,392,2.48,0.0,2.48,0,0,0,1.61290257544251,158.06445239336597,78.4,0,0,0,0
2025-10-24T15:31:56.946939,3,3_0.0.0.0_0.0.0.0_0_0_0,0.0.0.0,0.0.0.0,0,0,0,2,480000000,10,30,1,8,784,0.0,0.0,0.0,8,98.0,784,2.48,0.0,2.48,0,0,0,3.22580515088502,316.12890478673194,87.11111111111111,0,0,0,0
2025-10-24T15:31:56.947026,3,3_0.0.0.0_0.0.0.0_0_0_0,0.0.0.0,0.0.0.0,0,0,0,2,475000000,10,30,1,4,392,0.0,0.0,0.0,4,98.0,392,2.475,0.0,2.475,0,0,0,1.6161609631672875,158.38377439039417,78.4,0,0,0,0
2025-10-24T15:31:56.947196,3,3_0.0.0.0_0.0.0.0_0_0_0,0.0.0.0,0.0.0.0,0,0,0,2,473000000,10,30,1,3,294,0.0,0.0,0.0,3,98.0,294,2.473,0.0,2.473,0,0,0,1.2131010056202969,118.8838985507891,73.5,0,0,0,0
2025-10-24T15:31:56.947327,3,3_0.0.0.0_0.0.0.0_0_0_0,0.0.0.0,0.0.0.0,0,0,0,2,473000000,10,30,1,3,294,0.0,0.0,0.0,3,98.0,294,2.473,0.0,2.473,0,0,0,1.2131010056202969,118.8838985507891,73.5,0,0,0,0
2025-10-24T15:31:56.947460,3,3_0.0.0.0_0.0.0.0_0_0_0,0.0.0.0,0.0.0.0,0,0,0,2,466000000,10,30,1,5,446,0.0,0.0,0.0,5,89.2,446,2.466,0.0,2.466,0,0,0,2.027574198063991,180.85961846730797,74.33333333333333,0,0,0,0
2025-10-24T15:31:56.947576,3,3_0.0.0.0_0.0.0.0_0_0_0,0.0.0.0,0.0.0.0,0,0,0,2,465000000,10,30,1,4,392,0.0,0.0,0.0,4,98.0,392,2.465,0.0,2.465,0,0,0,1.622717394435134,159.02630465464316,78.4,0,0,0,0
2025-10-24T15:31:56.947710,3,3_0.0.0.0_0.0.0.0_0_0_0,0.0.0.0,0.0.0.0,0,0,0,2,453000000,10,30,1,7,686,0.0,0.0,0.0,7,98.0,686,2.453,0.0,2.453,0,0,0,2.8536474302293393,279.65744816247525,85.75,0,0,0,0
2025-10-24T15:31:56.947814,3,3_0.0.0.0_0.0.0.0_0_0_0,0.0.0.0,0.0.0.0,0,0,0,2,448000000,10,30,1,3,294,0.0,0.0,0.0,3,98.0,294,2.448,0.0,2.448,0,0,0,1.2254896954698955,120.09799015604978,73.5,0,0,0,0
2025-10-24T15:31:56.947929,3,3_0.0.0.0_0.0.0.0_0_0_0,0.0.0.0,0.0.0.0,0,0,0,2,447000000,10,30,1,3,294,0.0,0.0,0.0,3,98.0,294,2.447,0.0,2.447,0,0,0,1.225990508381484,120.14706982138543,73.5,0,0,0,0
2025-10-24T15:31:56.948461,3,3_0.0.0.0_0.0.0.0_0_0_0,0.0.0.0,0.0.0.0,0,0,0,2,395000000,10,30,1,4,392,0.0,0.0,0.0,4,98.0,392,2.395,0.0,2.395,0,0,0,1.670145440440317,163.67425316315106,78.4,0,0,0,0
2025-10-24T15:31:56.948881,3,3_0.0.0.0_0.0.0.0_0_0_0,0.0.0.0,0.0.0.0,0,0,0,1,996000000,10,30,1,3,294,0.0,0.0,0.0,3,98.0,294,1.996,0.0,1.996,0,0,0,1.5030052590154013,147.29451538350932,73.5,0,0,0,0
2025-10-24T15:31:56.948979,3,3_0.0.0.0_0.0.0.0_0_0_0,0.0.0.0,0.0.0.0,0,0,0,1,996000000,10,30,1,3,294,0.0,0.0,0.0,3,98.0,294,1.996,0.0,1.996,0,0,0,1.5030052590154013,147.29451538350932,73.5,0,0,0,0
2025-10-24T15:31:56.949169,2,2_0.0.0.0_0.0.0.0_0_0_0,0.0.0.0,0.0.0.0,0,0,0,4,5000000,10,30,1,7,686,1.7478152309612984,171.28589263420724,1.7478152309612984,7,98.0,686,4.005,0.0,4.005,0,0,0,1.74781479455311,171.28584986620479,85.75,0,0,0,0
2025-10-24T15:31:56.949286,2,2_0.0.0.0_0.0.0.0_0_0_0,0.0.0.0,0.0.0.0,0,0,0,3,998000000,10,30,1,7,686,0.0,0.0,0.0,7,98.0,686,3.998,0.0,3.998,0,0,0,1.7508749997811404,171.58574997855177,85.75,0,0,0,0
2025-10-24T15:31:56.949402,2,2_0.0.0.0_0.0.0.0_0_0_0,0.0.0.0,0.0.0.0,0,0,0,3,991000000,10,30,1,8,740,0.0,0.0,0.0,8,92.5,740,3.991,0.0,3.991,0,0,0,2.0045096455751326,185.41714221569976,82.22222222222223,0,0,0,0
2025-10-24T15:31:56.949493,2,2_0.0.0.0_0.0.0.0_0_0_0,0.0.0.0,0.0.0.0,0,0,0,3,510000000,10,30,1,7,662,0.0,0.0,0.0,7,94.57142857142856,662,3.51,0.0,3.51,0,0,0,1.9943014261249499,188.60393487067384,82.75,0,0,0,0
2025-10-24T15:31:56.949622,2,2_0.0.0.0_0.0.0.0_0_0_0,0.0.0.0,0.0.0.0,0,0,0,2,485000000,10,30,1,4,392,0.0,0.0,0.0,4,98.0,392,2.485,0.0,2.485,0,0,0,1.6096572999367003,157.7464153937966,78.4,0,0,0,0
2025-10-24T15:31:56.949725,2,2_0.0.0.0_0.0.0.0_0_0_0,0.0.0.0,0.0.0.0,0,0,0,2,485000000,10,30,1,5,466,0.0,0.0,0.0,5,93.2,466,2.485,0.0,2.485,0,0,0,2.012071624920875,187.52507544262556,77.66666666666667,0,0,0,0
2025-10-24T15:31:56.949826,2,2_0.0.0.0_0.0.0.0_0_0_0,0.0.0.0,0.0.0.0,0,0,0,2,485000000,10,30,1,4,392,0.0,0.0,0.0,4,98.0,392,2.485,0.0,2.485,0,0,0,1.6096572999367003,157.7464153937966,78.4,0,0,0,0
2025-10-24T15:31:56.949913,2,2_0.0.0.0_0.0.0.0_0_0_0,0.0.0.0,0.0.0.0,0,0,0,2,477000000,10,30,1,5,446,0.0,0.0,0.0,5,89.2,446,2.477,0.0,2.477,0,0,0,2.0185700369115716,180.0564472925122,74.33333333333333,0,0,0,0
2025-10-24T15:31:56.950019,2,2_0.0.0.0_0.0.0.0_0_0_0,0.0.0.0,0.0.0.0,0,0,0,2,477000000,10,30,1,4,392,0.0,0.0,0.0,4,98.0,392,2.477,0.0,2.477,0,0,0,1.6148560295292573,158.25589089386722,78.4,0,0,0,0
2025-10-24T15:31:56.950163,2,2_0.0.0.0_0.0.0.0_0_0_0,0.0.0.0,0.0.0.0,0,0,0,2,473000000,10,30,1,7,686,0.0,0.0,0.0,7,98.0,686,2.473,0.0,2.473,0,0,0,2.8305690131140264,277.39576328517455,85.75,0,0,0,0
2025-10-24T15:31:56.950314,2,2_0.0.0.0_0.0.0.0_0_0_0,0.0.0.0,0.0.0.0,0,0,0,2,462000000,10,30,1,7,686,0.0,0.0,0.0,7,98.0,686,2.462,0.0,2.462,0,0,0,2.843215741991981,278.63514271521416,85.75,0,0,0,0
2025-10-24T15:31:56.950463,2,2_0.0.0.0_0.0.0.0_0_0_0,0.0.0.0,0.0.0.0,0,0,0,2,453000000,10,30,1,3,294,0.0,0.0,0.0,3,98.0,294,2.453,0.0,2.453,0,0,0,1.222991755812574,119.85319206963226,73.5,0,0,0,0
2025-10-24T15:31:56.950781,2,2_0.0.0.0_0.0.0.0_0_0_0,0.0.0.0,0.0.0.0,0,0,0,2,440000000,10,30,1,3,294,0.0,0.0,0.0,3,98.0,294,2.44,0.0,2.44,0,0,0,1.229507692824716,120.49175389682217,73.5,0,0,0,0
2025-10-24T15:31:56.951294,2,2_0.0.0.0_0.0.0.0_0_0_0,0.0.0.0,0.0.0.0,0,0,0,1,989000000,10,30,1,3,294,0.0,0.0,0.0,3,98.0,294,1.989,0.0,1.989,0,0,0,1.508294867624501,147.8128970272011,73.5,0,0,0,0
2025-10-24T15:32:01.928558,1,1_0.0.0.0_0.0.0.0_0_0_0,0.0.0.0,0.0.0.0,0,0,0,9,7000000,10,30,1,18,1740,2.7999301737079216,269.5932767255913,2.7999301737079216,18,96.66666666666669,1740,9.007,5.00012469291687,9.007,0,0,0,1.9984454315037827,193.183058378699,91.57894736842105,0,0,0,0
2025-10-24T15:32:01.928903,1,1_0.0.0.0_0.0.0.0_0_0_0,0.0.0.0,0.0.0.0,0,0,0,9,1000000,10,30,1,18,1720,0.0,0.0,0.0,18,95.55555555555556,1720,9.001,0.0,9.001,0,0,0,1.9997775802935698,191.08985767249666,90.52631578947368,0,0,0,0
2025-10-24T15:32:01.929047,1,1_0.0.0.0_0.0.0.0_0_0_0,0.0.0.0,0.0.0.0,0,0,0,8,994000000,10,30,1,17,1666,0.0,0.0,0.0,17,98.0,1666,8.994,0.0,8.994,0,0,0,1.89014877805773,185.23458024965754,92.55555555555556,0,0,0,0
2025-10-24T15:32:01.929199,1,1_0.0.0.0_0.0.0.0_0_0_0,0.0.0.0,0.0.0.0,0,0,0,8,514000000,10,30,1,17,1666,0.0,0.0,0.0,17,98.0,1666,8.514,0.0,8.514,0,0,0,1.9967110645159665,195.67768432256472,92.55555555555556,0,0,0,0
2025-10-24T15:32:01.929294,1,1_0.0.0.0_0.0.0.0_0_0_0,0.0.0.0,0.0.0.0,0,0,0,7,477000000,10,30,1,14,1372,0.0,0.0,0.0,14,98.0,1372,7.477,0.0,7.477,0,0,0,1.8724084696524714,183.49603002594222,91.46666666666667,0,0,0,0
2025-10-24T15:32:01.929400,1,1_0.0.0.0_0.0.0.0_0_0_0,0.0.0.0,0.0.0.0,0,0,0,7,464000000,10,30,1,14,1372,0.0,0.0,0.0,14,98.0,1372,7.464,0.0,7.464,0,0,0,1.8756696308052476,183.81562381891428,91.46666666666667,0,0,0,0
2025-10-24T15:32:01.929600,1,1_0.0.0.0_0.0.0.0_0_0_0,0.0.0.0,0.0.0.0,0,0,0,7,433000000,10,30,1,13,1274,0.0,0.0,0.0,13,98.0,1274,7.433,0.0,7.433,0,0,0,1.7489571170513767,171.39779747103492,91.0,0,0,0,0
2025-10-24T15:32:01.929911,1,1_0.0.0.0_0.0.0.0_0_0_0,0.0.0.0,0.0.0.0,0,0,0,6,998000000,10,30,1,14,1372,0.0,0.0,0.0,14,98.0,1372,6.998,0.0,6.998,0,0,0,2.000571306005815,196.05598798856988,91.46666666666667,0,0,0,0
2025-10-24T15:32:01.937747,3,3_0.0.0.0_0.0.0.0_0_0_0,0.0.0.0,0.0.0.0,0,0,0,7,482000000,10,30,1,14,1372,2.203962115082776,215.98828727811204,2.203962115082776,14,98.0,1372,7.482,4.991011381149292,7.482,0,0,0,1.8711571944457104,183.37340505567963,91.46666666666667,0,0,0,0
2025-10-24T15:32:01.937886,3,3_0.0.0.0_0.0.0.0_0_0_0,0.0.0.0,0.0.0.0,0,0,0,7,482000000,10,30,1,14,1372,0.0,0.0,0.0,14,98.0,1372,7.482,0.0,7.482,0,0,0,1.8711571944457104,183.37340505567963,91.46666666666667,0,0,0,0
2025-10-24T15:32:01.937949,3,3_0.0.0.0_0.0.0.0_0_0_0,0.0.0.0,0.0.0.0,0,0,0,7,482000000,10,30,1,28,2744,0.0,0.0,0.0,28,98.0,2744,7.482,0.0,7.482,0,0,0,3.7423143888914208,366.74681011135925,94.62068965517241,0,0,0,0
2025-10-24T15:32:01.937997,3,3_0.0.0.0_0.0.0.0_0_0_0,0.0.0.0,0.0.0.0,0,0,0,7,477000000,10,30,1,14,1372,0.0,0.0,0.0,14,98.0,1372,7.477,0.0,7.477,0,0,0,1.8724084696524714,183.49603002594222,91.46666666666667,0,0,0,0
2025-10-24T15:32:01.938043,3,3_0.0.0.0_0.0.0.0_0_0_0,0.0.0.0,0.0.0.0,0,0,0,7,475000000,10,30,1,14,1372,0.0,0.0,0.0,14,98.0,1372,7.475,0.0,7.475,0,0,0,1.8729094484402076,183.54512594714035,91.46666666666667,0,0,0,0
2025-10-24T15:32:01.938104,3,3_0.0.0.0_0.0.0.0_0_0_0,0.0.0.0,0.0.0.0,0,0,0,7,475000000,10,30,1,14,1372,0.0,0.0,0.0,14,98.0,1372,7.475,0.0,7.475,0,0,0,1.8729094484402076,183.54512594714035,91.46666666666667,0,0,0,0
2025-10-24T15:32:01.938150,3,3_0.0.0.0_0.0.0.0_0_0_0,0.0.0.0,0.0.0.0,0,0,0,7,468000000,10,30,1,15,1426,0.0,0.0,0.0,15,95.06666666666666,1426,7.468,0.0,7.468,0,0,0,2.0085696292756254,190.94801942313612,89.125,0,0,0,0
2025-10-24T15:32:01.938199,3,3_0.0.0.0_0.0.0.0_0_0_0,0.0.0.0,0.0.0.0,0,0,0,7,467000000,10,30,1,14,1372,0.0,0.0,0.0,14,98.0,1372,7.467,0.0,7.467,0,0,0,1.8749160472859185,183.74177263402,91.46666666666667,0,0,0,0
2025-10-24T15:32:01.938244,3,3_0.0.0.0_0.0.0.0_0_0_0,0.0.0.0,0.0.0.0,0,0,0,7,455000000,10,30,1,27,2646,0.0,0.0,0.0,27,98.0,2646,7.455,0.0,7.455,0,0,0,3.6217298964815696,354.92952985519383,94.5,0,0,0,0
2025-10-24T15:32:01.938291,3,3_0.0.0.0_0.0.0.0_0_0_0,0.0.0.0,0.0.0.0,0,0,0,7,450000000,10,30,1,13,1274,0.0,0.0,0.0,13,98.0,1274,7.45,0.0,7.45,0,0,0,1.7449662087293678,171.00668845547804,91.0,0,0,0,0
2025-10-24T15:32:01.938335,3,3_0.0.0.0_0.0.0.0_0_0_0,0.0.0.0,0.0.0.0,0,0,0,7,449000000,10,30,1,13,1274,0.0,0.0,0.0,13,98.0,1274,7.449,0.0,7.449,0,0,0,1.7452004637937355,171.02964545178608,91.0,0,0,0,0
2025-10-24T15:32:01.938520,3,3_0.0.0.0_0.0.0.0_0_0_0,0.0.0.0,0.0.0.0,0,0,0,7,397000000,10,30,1,14,1372,0.0,0.0,0.0,14,98.0,1372,7.397,0.0,7.397,0,0,0,1.8926589302880992,185.4805751682337,91.46666666666667,0,0,0,0
2025-10-24T15:32:01.938896,3,3_0.0.0.0_0.0.0.0_0_0_0,0.0.0.0,0.0.0.0,0,0,0,6,998000000,10,30,1,13,1274,0.0,0.0,0.0,13,98.0,1274,6.998,0.0,6.998,0,0,0,1.8576733555768281,182.05198884652916,91.0,0,0,0,0
2025-10-24T15:32:01.938975,3,3_0.0.0.0_0.0.0.0_0_0_0,0.0.0.0,0.0.0.0,0,0,0,6,998000000,10,30,1,13,1274,0.0,0.0,0.0,13,98.0,1274,6.998,0.0,6.998,0,0,0,1.8576733555768281,182.05198884652916,91.0,0,0,0,0
2025-10-24T15:32:01.939107,2,2_0.0.0.0_0.0.0.0_0_0_0,0.0.0.0,0.0.0.0,0,0,0,9,7000000,10,30,1,17,1666,2.8056412446194585,274.9528419727069,2.8056412446194585,17,98.0,1666,9.007,4.989946603775024,9.007,0,0,0,1.887420685309128,184.96722716029456,92.55555555555556,0,0,0,0
2025-10-24T15:32:01.939200,2,2_0.0.0.0_0.0.0.0_0_0_0,0.0.0.0,0.0.0.0,0,0,0,9,0,10,30,1,17,1666,0.0,0.0,0.0,17,98.0,1666,9.0,0.0,9.0,0,0,0,1.8888886790123691,185.11109054321219,92.55555555555556,0,0,0,0
2025-10-24T15:32:01.939276,2,2_0.0.0.0_0.0.0.0_0_0_0,0.0.0.0,0.0.0.0,0,0,0,8,993000000,10,30,1,18,1720,0.0,0.0,0.0,18,95.55555555555556,1720,8.993,0.0,8.993,0,0,0,2.0015565438055662,191.25984751919856,90.52631578947368,0,0,0,0
2025-10-24T15:32:01.939353,2,2_0.0.0.0_0.0.0.0_0_0_0,0.0.0.0,0.0.0.0,0,0,0,8,512000000,10,30,1,17,1642,0.0,0.0,0.0,17,96.58823529411764,1642,8.512,0.0,8.512,0,0,0,1.9971802164966852,192.90411267573865,91.22222222222223,0,0,0,0
2025-10-24T15:32:01.939425,2,2_0.0.0.0_0.0.0.0_0_0_0,0.0.0.0,0.0.0.0,0,0,0,7,487000000,10,30,1,14,1372,0.0,0.0,0.0,14,98.0,1372,7.487,0.0,7.487,0,0,0,1.8699075905025255,183.25094386924752,91.46666666666667,0,0,0,0
2025-10-24T15:32:01.939494,2,2_0.0.0.0_0.0.0.0_0_0_0,0.0.0.0,0.0.0.0,0,0,0,7,487000000,10,30,1,15,1446,0.0,0.0,0.0,15,96.4,1446,7.487,0.0,7.487,0,0,0,2.003472418395563,193.13474113333228,90.375,0,0,0,0
2025-10-24T15:32:01.939564,2,2_0.0.0.0_0.0.0.0_0_0_0,0.0.0.0,0.0.0.0,0,0,0,7,487000000,10,30,1,14,1372,0.0,0.0,0.0,14,98.0,1372,7.487,0.0,7.487,0,0,0,1.8699075905025255,183.25094386924752,91.46666666666667,0,0,0,0
2025-10-24T15:32:01.939661,2,2_0.0.0.0_0.0.0.0_0_0_0,0.0.0.0,0.0.0.0,0,0,0,7,479000000,10,30,1,15,1426,0.0,0.0,0.0,15,95.06666666666666,1426,7.479,0.0,7.479,0,0,0,2.0056154558610166,190.667176003854,89.125,0,0,0,0
2025-10-24T15:32:01.939748,2,2_0.0.0.0_0.0.0.0_0_0_0,0.0.0.0,0.0.0.0,0,0,0,7,479000000,10,30,1,14,1372,0.0,0.0,0.0,14,98.0,1372,7.479,0.0,7.479,0,0,0,1.8719077588036155,183.4469603627543,91.46666666666667,0,0,0,0
2025-10-24T15:32:01.939816,2,2_0.0.0.0_0.0.0.0_0_0_0,0.0.0.0,0.0.0.0,0,0,0,7,475000000,10,30,1,28,2744,0.0,0.0,0.0,28,98.0,2744,7.475,0.0,7.475,0,0,0,3.745818896880415,367.0902518942807,94.62068965517241,0,0,0,0
2025-10-24T15:32:01.939884,2,2_0.0.0.0_0.0.0.0_0_0_0,0.0.0.0,0.0.0.0,0,0,0,7,464000000,10,30,1,27,2646,0.0,0.0,0.0,27,98.0,2646,7.464,0.0,7.464,0,0,0,3.6173628594101204,354.5015602221918,94.5,0,0,0,0
2025-10-24T15:32:01.939955,2,2_0.0.0.0_0.0.0.0_0_0_0,0.0.0.0,0.0.0.0,0,0,0,7,455000000,10,30,1,13,1274,0.0,0.0,0.0,13,98.0,1274,7.455,0.0,7.455,0,0,0,1.7437958760837189,170.89199585620443,91.0,0,0,0,0
2025-10-24T15:32:01.940111,2,2_0.0.0.0_0.0.0.0_0_0_0,0.0.0.0,0.0.0.0,0,0,0,7,442000000,10,30,1,13,1274,0.0,0.0,0.0,13,98.0,1274,7.442,0.0,7.442,0,0,0,1.74684201198038,171.19051717407723,91.0,0,0,0,0
2025-10-24T15:32:01.940387,2,2_0.0.0.0_0.0.0.0_0_0_0,0.0.0.0,0.0.0.0,0,0,0,6,991000000,10,30,1,13,1274,0.0,0.0,0.0,13,98.0,1274,6.991,0.0,6.991,0,0,0,1.8595334201783122,182.2342751774746,91.0,0,0,0,0
2025-10-24T15:32:01.940483,4,4_0.0.0.0_0.0.0.0_0_0_0,0.0.0.0,0.0.0.0,0,0,0,7,478000000,10,30,1,28,2744,5.004108464218946,490.4026294934568,5.004108464218946,28,98.0,2744,7.478,4.995894908905029,7.478,0,0,0,3.74431616149824,366.9429838268275,94.62068965517241,0,0,0,0
2025-10-24T15:32:01.940563,4,4_0.0.0.0_0.0.0.0_0_0_0,0.0.0.0,0.0.0.0,0,0,0,7,465000000,10,30,1,29,2842,0.0,0.0,0.0,29,98.0,2842,7.465,0.0,7.465,0,0,0,3.8847951929276365,380.7099289069084,94.73333333333333,0,0,0,0
2025-10-24T15:32:01.940635,4,4_0.0.0.0_0.0.0.0_0_0_0,0.0.0.0,0.0.0.0,0,0,0,7,465000000,10,30,1,14,1372,0.0,0.0,0.0,14,98.0,1372,7.465,0.0,7.465,0,0,0,1.8754183689995487,183.79100016195576,91.46666666666667,0,0,0,0
2025-10-24T15:32:01.940720,4,4_0.0.0.0_0.0.0.0_0_0_0,0.0.0.0,0.0.0.0,0,0,0,7,465000000,10,30,1,13,1274,0.0,0.0,0.0,13,98.0,1274,7.465,0.0,7.465,0,0,0,1.7414599140710094,170.66307157895892,91.0,0,0,0,0
2025-10-24T15:32:01.940794,4,4_0.0.0.0_0.0.0.0_0_0_0,0.0.0.0,0.0.0.0,0,0,0,7,465000000,10,30,1,13,1274,0.0,0.0,0.0,13,98.0,1274,7.465,0.0,7.465,0,0,0,1.7414599140710094,170.66307157895892,91.0,0,0,0,0
2025-10-24T15:32:01.940863,4,4_0.0.0.0_0.0.0.0_0_0_0,0.0.0.0,0.0.0.0,0,0,0,7,458000000,10,30,1,13,1274,0.0,0.0,0.0,13,98.0,1274,7.458,0.0,7.458,0,0,0,1.743094429727215,170.82325411326707,91.0,0,0,0,0
2025-10-24T15:32:01.941108,4,4_0.0.0.0_0.0.0.0_0_0_0,0.0.0.0,0.0.0.0,0,0,0,6,995000000,10,30,1,13,1274,0.0,0.0,0.0,13,98.0,1274,6.995,0.0,6.995,0,0,0,1.8584700702687533,182.13006688633783,91.0,0,0,0,0
2025-10-24T15:32:01.941166,4,4_0.0.0.0_0.0.0.0_0_0_0,0.0.0.0,0.0.0.0,0,0,0,6,995000000,10,30,1,13,1274,0.0,0.0,0.0,13,98.0,1274,6.995,0.0,6.995,0,0,0,1.8584700702687533,182.13006688633783,91.0,0,0,0,0
2025-10-24T15:32:06.928025,1,1_0.0.0.0_0.0.0.0_0_0_0,0.0.0.0,0.0.0.0,0,0,0,14,9000000,10,30,1,28,2720,2.800279206458125,269.6268835932537,2.800279206458125,28,97.14285714285714,2720,14.009,4.999501466751099,14.009,0,0,0,1.9987149690402621,194.16088270676832,93.79310344827586,0,0,0,0
2025-10-24T15:32:06.928152,1,1_0.0.0.0_0.0.0.0_0_0_0,0.0.0.0,0.0.0.0,0,0,0,14,3000000,10,30,1,28,2700,0.0,0.0,0.0,28,96.42857142857144,2700,14.003,0.0,14.003,0,0,0,1.9995713775925603,192.81581141071118,93.10344827586206,0,0,0,0
2025-10-24T15:32:06.931012,1,1_0.0.0.0_0.0.0.0_0_0_0,0.0.0.0,0.0.0.0,0,0,0,13,996000000,10,30,1,27,2646,0.0,0.0,0.0,27,98.0,2646,13.996,0.0,13.996,0,0,0,1.9291224686251451,189.05400192526423,94.5,0,0,0,0
2025-10-24T15:32:06.931066,1,1_0.0.0.0_0.0.0.0_0_0_0,0.0.0.0,0.0.0.0,0,0,0,13,516000000,10,30,1,27,2646,0.0,0.0,0.0,27,98.0,2646,13.516,0.0,13.516,0,0,0,1.9976322878342494,195.76796420775642,94.5,0,0,0,0
2025-10-24T15:32:06.931093,1,1_0.0.0.0_0.0.0.0_0_0_0,0.0.0.0,0.0.0.0,0,0,0,12,479000000,10,30,1,24,2352,0.0,0.0,0.0,24,98.0,2352,12.479,0.0,12.479,0,0,0,1.923230874009867,188.47662565296696,94.08,0,0,0,0
2025-10-24T15:32:06.931140,1,1_0.0.0.0_0.0.0.0_0_0_0,0.0.0.0,0.0.0.0,0,0,0,12,466000000,10,30,1,24,2352,0.0,0.0,0.0,24,98.0,2352,12.466,0.0,12.466,0,0,0,1.9252364892317915,188.67317594471558,94.08,0,0,0,0
2025-10-24T15:32:06.931164,1,1_0.0.0.0_0.0.0.0_0_0_0,0.0.0.0,0.0.0.0,0,0,0,12,435000000,10,30,1,23,2254,0.0,0.0,0.0,23,98.0,2254,12.435,0.0,12.435,0,0,0,1.8496178649281976,181.26255076296334,93.91666666666667,0,0,0,0
2025-10-24T15:32:06.931188,1,1_0.0.0.0_0.0.0.0_0_0_0,0.0.0.0,0.0.0.0,0,0,0,12,0,10,30,1,24,2352,0.0,0.0,0.0,24,98.0,2352,12.0,0.0,12.0,0,0,0,1.9999998333333473,195.99998366666804,94.08,0,0,0,0
2025-10-24T15:32:06.934364,3,3_0.0.0.0_0.0.0.0_0_0_0,0.0.0.0,0.0.0.0,0,0,0,12,484000000,10,30,1,24,2352,2.201490753659855,215.7460938586658,2.201490753659855,24,98.0,2352,12.484,4.996614217758179,12.484,0,0,0,1.9224605957657326,188.4011383850418,94.08,0,0,0,0
2025-10-24T15:32:06.934535,3,3_0.0.0.0_0.0.0.0_0_0_0,0.0.0.0,0.0.0.0,0,0,0,12,484000000,10,30,1,24,2352,0.0,0.0,0.0,24,98.0,2352,12.484,0.0,12.484,0,0,0,1.9224605957657326,188.4011383850418,94.08,0,0,0,0
2025-10-24T15:32:06.934564,3,3_0.0.0.0_0.0.0.0_0_0_0,0.0.0.0,0.0.0.0,0,0,0,12,484000000,10,30,1,49,4802,0.0,0.0,0.0,49,98.0,4802,12.484,0.0,12.484,0,0,0,3.9250237163550374,384.65232420279364,96.04,0,0,0,0
2025-10-24T15:32:06.934587,3,3_0.0.0.0_0.0.0.0_0_0_0,0.0.0.0,0.0.0.0,0,0,0,12,479000000,10,30,1,24,2352,0.0,0.0,0.0,24,98.0,2352,12.479,0.0,12.479,0,0,0,1.923230874009867,188.47662565296696,94.08,0,0,0,0
2025-10-24T15:32:06.934606,3,3_0.0.0.0_0.0.0.0_0_0_0,0.0.0.0,0.0.0.0,0,0,0,12,477000000,10,30,1,24,2352,0.0,0.0,0.0,24,98.0,2352,12.477,0.0,12.477,0,0,0,1.9235391581678964,188.50683750045386,94.08,0,0,0,0
2025-10-24T15:32:06.934626,3,3_0.0.0.0_0.0.0.0_0_0_0,0.0.0.0,0.0.0.0,0,0,0,12,477000000,10,30,1,24,2352,0.0,0.0,0.0,24,98.0,2352,12.477,0.0,12.477,0,0,0,1.9235391581678964,188.50683750045386,94.08,0,0,0,0
2025-10-24T15:32:06.934645,3,3_0.0.0.0_0.0.0.0_0_0_0,0.0.0.0,0.0.0.0,0,0,0,12,470000000,10,30,1,25,2406,0.0,0.0,0.0,25,96.24,2406,12.47,0.0,12.47,0,0,0,2.004811386943754,192.9430478794669,92.53846153846153,0,0,0,0
2025-10-24T15:32:06.934663,3,3_0.0.0.0_0.0.0.0_0_0_0,0.0.0.0,0.0.0.0,0,0,0,12,469000000,10,30,1,24,2352,0.0,0.0,0.0,24,98.0,2352,12.469,0.0,12.469,0,0,0,1.924773283761867,188.62778180866297,94.08,0,0,0,0
2025-10-24T15:32:06.934681,3,3_0.0.0.0_0.0.0.0_0_0_0,0.0.0.0,0.0.0.0,0,0,0,12,457000000,10,30,1,48,4704,0.0,0.0,0.0,48,98.0,4704,12.457,0.0,12.457,0,0,0,3.8532548885562425,377.61897907851176,96.0,0,0,0,0
2025-10-24T15:32:06.934698,3,3_0.0.0.0_0.0.0.0_0_0_0,0.0.0.0,0.0.0.0,0,0,0,12,452000000,10,30,1,23,2254,0.0,0.0,0.0,23,98.0,2254,12.452,0.0,12.452,0,0,0,1.8470926881551006,181.01508343919986,93.91666666666667,0,0,0,0
2025-10-24T15:32:06.934717,3,3_0.0.0.0_0.0.0.0_0_0_0,0.0.0.0,0.0.0.0,0,0,0,12,451000000,10,30,1,24,2352,0.0,0.0,0.0,24,98.0,2352,12.451,0.0,12.451,0,0,0,1.92755586478549,188.900474748978,94.08,0,0,0,0
2025-10-24T15:32:06.934735,3,3_0.0.0.0_0.0.0.0_0_0_0,0.0.0.0,0.0.0.0,0,0,0,12,399000000,10,30,1,24,2352,0.0,0.0,0.0,24,98.0,2352,12.399,0.0,12.399,0,0,0,1.935639814852826,189.69270185557693,94.08,0,0,0,0
2025-10-24T15:32:06.934765,3,3_0.0.0.0_0.0.0.0_0_0_0,0.0.0.0,0.0.0.0,0,0,0,12,0,10,30,1,23,2254,0.0,0.0,0.0,23,98.0,2254,12.0,0.0,12.0,0,0,0,1.916666506944458,187.83331768055686,93.91666666666667,0,0,0,0
2025-10-24T15:32:06.934783,3,3_0.0.0.0_0.0.0.0_0_0_0,0.0.0.0,0.0.0.0,0,0,0,12,0,10,30,1,23,2254,0.0,0.0,0.0,23,98.0,2254,12.0,0.0,12.0,0,0,0,1.916666506944458,187.83331768055686,93.91666666666667,0,0,0,0
2025-10-24T15:32:06.934812,4,4_0.0.0.0_0.0.0.0_0_0_0,0.0.0.0,0.0.0.0,0,0,0,12,479000000,10,30,1,48,4704,7.007929045696081,686.777046478216,7.007929045696081,48,98.0,4704,12.479,4.994342803955078,12.479,0,0,0,3.846461748019734,376.9532513059339,96.0,0,0,0,0
2025-10-24T15:32:06.934835,4,4_0.0.0.0_0.0.0.0_0_0_0,0.0.0.0,0.0.0.0,0,0,0,12,466000000,10,30,1,49,4802,0.0,0.0,0.0,49,98.0,4802,12.466,0.0,12.466,0,0,0,3.930691165514908,385.20773422046096,96.04,0,0,0,0
2025-10-24T15:32:06.934855,4,4_0.0.0.0_0.0.0.0_0_0_0,0.0.0.0,0.0.0.0,0,0,0,12,466000000,10,30,1,24,2352,0.0,0.0,0.0,24,98.0,2352,12.466,0.0,12.466,0,0,0,1.9252364892317915,188.67317594471558,94.08,0,0,0,0
2025-10-24T15:32:06.934873,4,4_0.0.0.0_0.0.0.0_0_0_0,0.0.0.0,0.0.0.0,0,0,0,12,466000000,10,30,1,24,2352,0.0,0.0,0.0,24,98.0,2352,12.466,0.0,12.466,0,0,0,1.9252364892317915,188.67317594471558,94.08,0,0,0,0
2025-10-24T15:32:06.934892,4,4_0.0.0.0_0.0.0.0_0_0_0,0.0.0.0,0.0.0.0,0,0,0,12,466000000,10,30,1,24,2352,0.0,0.0,0.0,24,98.0,2352,12.466,0.0,12.466,0,0,0,1.9252364892317915,188.67317594471558,94.08,0,0,0,0
2025-10-24T15:32:06.934911,4,4_0.0.0.0_0.0.0.0_0_0_0,0.0.0.0,0.0.0.0,0,0,0,12,459000000,10,30,1,24,2352,0.0,0.0,0.0,24,98.0,2352,12.459,0.0,12.459,0,0,0,1.9263181694904754,188.7791806100666,94.08,0,0,0,0
2025-10-24T15:32:06.934938,4,4_0.0.0.0_0.0.0.0_0_0_0,0.0.0.0,0.0.0.0,0,0,0,11,996000000,10,30,1,23,2254,0.0,0.0,0.0,23,98.0,2254,11.996,0.0,11.996,0,0,0,1.9173056087607863,187.89594965855704,93.91666666666667,0,0,0,0
2025-10-24T15:32:06.934960,4,4_0.0.0.0_0.0.0.0_0_0_0,0.0.0.0,0.0.0.0,0,0,0,11,996000000,10,30,1,23,2254,0.0,0.0,0.0,23,98.0,2254,11.996,0.0,11.996,0,0,0,1.9173056087607863,187.89594965855704,93.91666666666667,0,0,0,0
2025-10-24T15:32:06.934986,2,2_0.0.0.0_0.0.0.0_0_0_0,0.0.0.0,0.0.0.0,0,0,0,14,9000000,10,30,1,27,2646,2.802300205027072,274.62542009265303,2.802300205027072,27,98.0,2646,14.009,4.995895862579346,14.009,0,0,0,1.9273322915745386,188.87856457430476,94.5,0,0,0,0
2025-10-24T15:32:06.935009,2,2_0.0.0.0_0.0.0.0_0_0_0,0.0.0.0,0.0.0.0,0,0,0,14,2000000,10,30,1,27,2646,0.0,0.0,0.0,27,98.0,2646,14.002,0.0,14.002,0,0,0,1.9282958200045837,188.9729903604492,94.5,0,0,0,0
2025-10-24T15:32:06.935029,2,2_0.0.0.0_0.0.0.0_0_0_0,0.0.0.0,0.0.0.0,0,0,0,13,995000000,10,30,1,28,2700,0.0,0.0,0.0,28,96.42857142857144,2700,13.995,0.0,13.995,0,0,0,2.000714397948239,192.92603123072305,93.10344827586206,0,0,0,0
2025-10-24T15:32:06.935047,2,2_0.0.0.0_0.0.0.0_0_0_0,0.0.0.0,0.0.0.0,0,0,0,13,514000000,10,30,1,27,2622,0.0,0.0,0.0,27,97.11111111111111,2622,13.514,0.0,13.514,0,0,0,1.9979279267479706,194.02100088641404,93.64285714285714,0,0,0,0
2025-10-24T15:32:06.935075,2,2_0.0.0.0_0.0.0.0_0_0_0,0.0.0.0,0.0.0.0,0,0,0,12,489000000,10,30,1,24,2352,0.0,0.0,0.0,24,98.0,2352,12.489,0.0,12.489,0,0,0,1.9216909342868977,188.325711560116,94.08,0,0,0,0
2025-10-24T15:32:06.935095,2,2_0.0.0.0_0.0.0.0_0_0_0,0.0.0.0,0.0.0.0,0,0,0,12,489000000,10,30,1,25,2426,0.0,0.0,0.0,25,97.04,2426,12.489,0.0,12.489,0,0,0,2.0017613898821853,194.25092527416726,93.3076923076923,0,0,0,0
2025-10-24T15:32:06.935113,2,2_0.0.0.0_0.0.0.0_0_0_0,0.0.0.0,0.0.0.0,0,0,0,12,489000000,10,30,1,24,2352,0.0,0.0,0.0,24,98.0,2352,12.489,0.0,12.489,0,0,0,1.9216909342868977,188.325711560116,94.08,0,0,0,0
2025-10-24T15:32:06.935131,2,2_0.0.0.0_0.0.0.0_0_0_0,0.0.0.0,0.0.0.0,0,0,0,12,481000000,10,30,1,25,2406,0.0,0.0,0.0,25,96.24,2406,12.481,0.0,12.481,0,0,0,2.0030444673468097,192.772999537457,92.53846153846153,0,0,0,0
2025-10-24T15:32:06.935149,2,2_0.0.0.0_0.0.0.0_0_0_0,0.0.0.0,0.0.0.0,0,0,0,12,481000000,10,30,1,24,2352,0.0,0.0,0.0,24,98.0,2352,12.481,0.0,12.481,0,0,0,1.9229226886529376,188.4464234879879,94.08,0,0,0,0
2025-10-24T15:32:06.935167,2,2_0.0.0.0_0.0.0.0_0_0_0,0.0.0.0,0.0.0.0,0,0,0,12,477000000,10,30,1,48,4704,0.0,0.0,0.0,48,98.0,4704,12.477,0.0,12.477,0,0,0,3.847078316335793,377.0136750009077,96.0,0,0,0,0
2025-10-24T15:32:06.935221,2,2_0.0.0.0_0.0.0.0_0_0_0,0.0.0.0,0.0.0.0,0,0,0,12,466000000,10,30,1,48,4704,0.0,0.0,0.0,48,98.0,4704,12.466,0.0,12.466,0,0,0,3.850472978463583,377.34635188943116,96.0,0,0,0,0
2025-10-24T15:32:06.935295,2,2_0.0.0.0_0.0.0.0_0_0_0,0.0.0.0,0.0.0.0,0,0,0,12,457000000,10,30,1,24,2352,0.0,0.0,0.0,24,98.0,2352,12.457,0.0,12.457,0,0,0,1.9266274442781213,188.80948953925588,94.08,0,0,0,0
2025-10-24T15:32:06.935369,2,2_0.0.0.0_0.0.0.0_0_0_0,0.0.0.0,0.0.0.0,0,0,0,12,444000000,10,30,1,23,2254,0.0,0.0,0.0,23,98.0,2254,12.444,0.0,12.444,0,0,0,1.848280147197031,181.13145442530902,93.91666666666667,0,0,0,0
2025-10-24T15:32:06.935424,2,2_0.0.0.0_0.0.0.0_0_0_0,0.0.0.0,0.0.0.0,0,0,0,11,993000000,10,30,1,23,2254,0.0,0.0,0.0,23,98.0,2254,11.993,0.0,11.993,0,0,0,1.9177852148932533,187.9429510595388,93.91666666666667,0,0,0,0
2025-10-24T15:32:11.933528,1,1_0.0.0.0_0.0.0.0_0_0_0,0.0.0.0,0.0.0.0,0,0,0,19,12000000,10,30,1,38,3700,2.7969453222436584,269.305878170318,2.7969453222436584,38,97.36842105263158,3700,19.012,5.005460739135742,19.012,0,0,0,1.9987375342553368,194.61391780907226,94.87179487179488,0,0,0,0
2025-10-24T15:32:11.933887,1,1_0.0.0.0_0.0.0.0_0_0_0,0.0.0.0,0.0.0.0,0,0,0,19,6000000,10,30,1,38,3680,0.0,0.0,0.0,38,96.84210526315788,3680,19.006,0.0,19.006,0,0,0,1.99936851523895,193.6230562126141,94.35897435897436,0,0,0,0
2025-10-24T15:32:11.934104,1,1_0.0.0.0_0.0.0.0_0_0_0,0.0.0.0,0.0.0.0,0,0,0,18,999000000,10,30,1,37,3626,0.0,0.0,0.0,37,98.0,3626,18.999,0.0,18.999,0,0,0,1.9474708170182211,190.85214006778568,95.42105263157895,0,0,0,0
2025-10-24T15:32:11.934246,1,1_0.0.0.0_0.0.0.0_0_0_0,0.0.0.0,0.0.0.0,0,0,0,18,519000000,10,30,1,37,3626,0.0,0.0,0.0,37,98.0,3626,18.519,0.0,18.519,0,0,0,1.997947945464229,195.79889865549444,95.42105263157895,0,0,0,0
2025-10-24T15:32:11.934342,1,1_0.0.0.0_0.0.0.0_0_0_0,0.0.0.0,0.0.0.0,0,0,0,17,482000000,10,30,1,34,3332,0.0,0.0,0.0,34,98.0,3332,17.482,0.0,17.482,0,0,0,1.9448574565348669,190.59603074041695,95.2,0,0,0,0
2025-10-24T15:32:11.934431,1,1_0.0.0.0_0.0.0.0_0_0_0,0.0.0.0,0.0.0.0,0,0,0,17,469000000,10,30,1,34,3332,0.0,0.0,0.0,34,98.0,3332,17.469,0.0,17.469,0,0,0,1.9463047715207067,190.73786760902925,95.2,0,0,0,0
2025-10-24T15:32:11.934516,1,1_0.0.0.0_0.0.0.0_0_0_0,0.0.0.0,0.0.0.0,0,0,0,17,438000000,10,30,1,33,3234,0.0,0.0,0.0,33,98.0,3234,17.438,0.0,17.438,0,0,0,1.8924187468506282,185.45703719136156,95.11764705882354,0,0,0,0
2025-10-24T15:32:11.934591,1,1_0.0.0.0_0.0.0.0_0_0_0,0.0.0.0,0.0.0.0,0,0,0,17,3000000,10,30,1,34,3332,0.0,0.0,0.0,34,98.0,3332,17.003,0.0,17.003,0,0,0,1.9996470034907365,195.9654063420922,95.2,0,0,0,0
2025-10-24T15:32:11.943352,3,3_0.0.0.0_0.0.0.0_0_0_0,0.0.0.0,0.0.0.0,0,0,0,17,487000000,10,30,1,34,3332,2.1960553453036504,215.21342383975772,2.1960553453036504,34,98.0,3332,17.487,5.008981227874756,17.487,0,0,0,1.9443013699147156,190.54153425164213,95.2,0,0,0,0
2025-10-24T15:32:11.943558,3,3_0.0.0.0_0.0.0.0_0_0_0,0.0.0.0,0.0.0.0,0,0,0,17,487000000,10,30,1,34,3332,0.0,0.0,0.0,34,98.0,3332,17.487,0.0,17.487,0,0,0,1.9443013699147156,190.54153425164213,95.2,0,0,0,0
2025-10-24T15:32:11.943634,3,3_0.0.0.0_0.0.0.0_0_0_0,0.0.0.0,0.0.0.0,0,0,0,17,487000000,10,30,1,69,6762,0.0,0.0,0.0,69,98.0,6762,17.487,0.0,17.487,0,0,0,3.9457880742386875,386.68723127539135,96.6,0,0,0,0
2025-10-24T15:32:11.943693,3,3_0.0.0.0_0.0.0.0_0_0_0,0.0.0.0,0.0.0.0,0,0,0,17,482000000,10,30,1,34,3332,0.0,0.0,0.0,34,98.0,3332,17.482,0.0,17.482,0,0,0,1.9448574565348669,190.59603074041695,95.2,0,0,0,0
2025-10-24T15:32:11.943746,3,3_0.0.0.0_0.0.0.0_0_0_0,0.0.0.0,0.0.0.0,0,0,0,17,480000000,10,30,1,34,3332,0.0,0.0,0.0,34,98.0,3332,17.48,0.0,17.48,0,0,0,1.9450799802585823,190.61783806534106,95.2,0,0,0,0
2025-10-24T15:32:11.943806,3,3_0.0.0.0_0.0.0.0_0_0_0,0.0.0.0,0.0.0.0,0,0,0,17,480000000,10,30,1,34,3332,0.0,0.0,0.0,34,98.0,3332,17.48,0.0,17.48,0,0,0,1.9450799802585823,190.61783806534106,95.2,0,0,0,0
2025-10-24T15:32:11.943881,3,3_0.0.0.0_0.0.0.0_0_0_0,0.0.0.0,0.0.0.0,0,0,0,17,473000000,10,30,1,35,3386,0.0,0.0,0.0,35,96.74285714285716,3386,17.473,0.0,17.473,0,0,0,2.003090367819472,193.78468529819233,94.05555555555556,0,0,0,0
2025-10-24T15:32:11.943966,3,3_0.0.0.0_0.0.0.0_0_0_0,0.0.0.0,0.0.0.0,0,0,0,17,472000000,10,30,1,34,3332,0.0,0.0,0.0,34,98.0,3332,17.472,0.0,17.472,0,0,0,1.9459705845941742,190.70511729022905,95.2,0,0,0,0
2025-10-24T15:32:11.944035,3,3_0.0.0.0_0.0.0.0_0_0_0,0.0.0.0,0.0.0.0,0,0,0,17,460000000,10,30,1,68,6664,0.0,0.0,0.0,68,98.0,6664,17.46,0.0,17.46,0,0,0,3.8946160426909477,381.67237218371287,96.57971014492753,0,0,0,0
2025-10-24T15:32:11.944117,3,3_0.0.0.0_0.0.0.0_0_0_0,0.0.0.0,0.0.0.0,0,0,0,17,455000000,10,30,1,34,3332,0.0,0.0,0.0,34,98.0,3332,17.455,0.0,17.455,0,0,0,1.9478658293975464,190.89085128095954,95.2,0,0,0,0
2025-10-24T15:32:11.944172,3,3_0.0.0.0_0.0.0.0_0_0_0,0.0.0.0,0.0.0.0,0,0,0,17,454000000,10,30,1,34,3332,0.0,0.0,0.0,34,98.0,3332,17.454,0.0,17.454,0,0,0,1.9479774293584604,190.9017880771291,95.2,0,0,0,0
2025-10-24T15:32:11.944228,3,3_0.0.0.0_0.0.0.0_0_0_0,0.0.0.0,0.0.0.0,0,0,0,17,402000000,10,30,1,34,3332,0.0,0.0,0.0,34,98.0,3332,17.402,0.0,17.402,0,0,0,1.9537983017010512,191.472233566703,95.2,0,0,0,0
2025-10-24T15:32:11.944282,3,3_0.0.0.0_0.0.0.0_0_0_0,0.0.0.0,0.0.0.0,0,0,0,17,3000000,10,30,1,33,3234,0.0,0.0,0.0,33,98.0,3234,17.003,0.0,17.003,0,0,0,1.9408338563292444,190.20171792026593,95.11764705882354,0,0,0,0
2025-10-24T15:32:11.944337,3,3_0.0.0.0_0.0.0.0_0_0_0,0.0.0.0,0.0.0.0,0,0,0,17,3000000,10,30,1,33,3234,0.0,0.0,0.0,33,98.0,3234,17.003,0.0,17.003,0,0,0,1.9408338563292444,190.20171792026593,95.11764705882354,0,0,0,0
2025-10-24T15:32:11.944439,2,2_0.0.0.0_0.0.0.0_0_0_0,0.0.0.0,0.0.0.0,0,0,0,19,12000000,10,30,1,37,3626,2.794729311989855,273.88347257500584,2.794729311989855,37,98.0,3626,19.012,5.009429693222046,19.012,0,0,0,1.9461391780907227,190.72163945289083,95.42105263157895,0,0,0,0
2025-10-24T15:32:11.944526,2,2_0.0.0.0_0.0.0.0_0_0_0,0.0.0.0,0.0.0.0,0,0,0,19,5000000,10,30,1,37,3626,0.0,0.0,0.0,37,98.0,3626,19.005,0.0,19.005,0,0,0,1.9468559880633525,190.79188683020854,95.42105263157895,0,0,0,0
2025-10-24T15:32:11.944586,2,2_0.0.0.0_0.0.0.0_0_0_0,0.0.0.0,0.0.0.0,0,0,0,18,998000000,10,30,1,38,3680,0.0,0.0,0.0,38,96.84210526315788,3680,18.998,0.0,18.998,0,0,0,2.0002104431934704,193.70459028820977,94.35897435897436,0,0,0,0
2025-10-24T15:32:11.944645,2,2_0.0.0.0_0.0.0.0_0_0_0,0.0.0.0,0.0.0.0,0,0,0,18,517000000,10,30,1,37,3602,0.0,0.0,0.0,37,97.35135135135135,3602,18.517,0.0,18.517,0,0,0,1.998163741525963,194.52394045882482,94.78947368421052,0,0,0,0
2025-10-24T15:32:11.944703,2,2_0.0.0.0_0.0.0.0_0_0_0,0.0.0.0,0.0.0.0,0,0,0,17,492000000,10,30,1,34,3332,0.0,0.0,0.0,34,98.0,3332,17.492,0.0,17.492,0,0,0,1.9437456012036585,190.48706891795854,95.2,0,0,0,0
2025-10-24T15:32:11.944756,2,2_0.0.0.0_0.0.0.0_0_0_0,0.0.0.0,0.0.0.0,0,0,0,17,492000000,10,30,1,35,3406,0.0,0.0,0.0,35,97.31428571428572,3406,17.492,0.0,17.492,0,0,0,2.0009145894743545,194.71757404999002,94.61111111111111,0,0,0,0
2025-10-24T15:32:11.944813,2,2_0.0.0.0_0.0.0.0_0_0_0,0.0.0.0,0.0.0.0,0,0,0,17,492000000,10,30,1,34,3332,0.0,0.0,0.0,34,98.0,3332,17.492,0.0,17.492,0,0,0,1.9437456012036585,190.48706891795854,95.2,0,0,0,0
2025-10-24T15:32:11.944874,2,2_0.0.0.0_0.0.0.0_0_0_0,0.0.0.0,0.0.0.0,0,0,0,17,484000000,10,30,1,35,3386,0.0,0.0,0.0,35,96.74285714285716,3386,17.484,0.0,17.484,0,0,0,2.0018301303002666,193.6627663199058,94.05555555555556,0,0,0,0
2025-10-24T15:32:11.944991,2,2_0.0.0.0_0.0.0.0_0_0_0,0.0.0.0,0.0.0.0,0,0,0,17,484000000,10,30,1,34,3332,0.0,0.0,0.0,34,98.0,3332,17.484,0.0,17.484,0,0,0,1.9446349837202592,190.5742284045854,95.2,0,0,0,0
2025-10-24T15:32:11.945108,2,2_0.0.0.0_0.0.0.0_0_0_0,0.0.0.0,0.0.0.0,0,0,0,17,480000000,10,30,1,68,6664,0.0,0.0,0.0,68,98.0,6664,17.48,0.0,17.48,0,0,0,3.8901599605171646,381.2356761306821,96.57971014492753,0,0,0,0
2025-10-24T15:32:11.945180,2,2_0.0.0.0_0.0.0.0_0_0_0,0.0.0.0,0.0.0.0,0,0,0,17,469000000,10,30,1,68,6664,0.0,0.0,0.0,68,98.0,6664,17.469,0.0,17.469,0,0,0,3.8926095430414134,381.4757352180585,96.57971014492753,0,0,0,0
2025-10-24T15:32:11.945258,2,2_0.0.0.0_0.0.0.0_0_0_0,0.0.0.0,0.0.0.0,0,0,0,17,460000000,10,30,1,34,3332,0.0,0.0,0.0,34,98.0,3332,17.46,0.0,17.46,0,0,0,1.9473080213454739,190.83618609185643,95.2,0,0,0,0
2025-10-24T15:32:11.945328,2,2_0.0.0.0_0.0.0.0_0_0_0,0.0.0.0,0.0.0.0,0,0,0,17,447000000,10,30,1,33,3234,0.0,0.0,0.0,33,98.0,3234,17.447,0.0,17.447,0,0,0,1.891442546486929,185.36136955571905,95.11764705882354,0,0,0,0
2025-10-24T15:32:11.945401,2,2_0.0.0.0_0.0.0.0_0_0_0,0.0.0.0,0.0.0.0,0,0,0,16,996000000,10,30,1,33,3234,0.0,0.0,0.0,33,98.0,3234,16.996,0.0,16.996,0,0,0,1.9416332112477517,190.28005470227967,95.11764705882354,0,0,0,0
2025-10-24T15:32:11.945501,4,4_0.0.0.0_0.0.0.0_0_0_0,0.0.0.0,0.0.0.0,0,0,0,17,482000000,10,30,1,68,6664,8.980832429946329,880.1215781347402,8.980832429946329,68,98.0,6664,17.482,5.010671377182007,17.482,0,0,0,3.8897149130697337,381.1920614808339,96.57971014492753,0,0,0,0
2025-10-24T15:32:11.945621,4,4_0.0.0.0_0.0.0.0_0_0_0,0.0.0.0,0.0.0.0,0,0,0,17,469000000,10,30,1,69,6762,0.0,0.0,0.0,69,98.0,6762,17.469,0.0,17.469,0,0,0,3.9498538010273165,387.085672500677,96.6,0,0,0,0
2025-10-24T15:32:11.945700,4,4_0.0.0.0_0.0.0.0_0_0_0,0.0.0.0,0.0.0.0,0,0,0,17,469000000,10,30,1,34,3332,0.0,0.0,0.0,34,98.0,3332,17.469,0.0,17.469,0,0,0,1.9463047715207067,190.73786760902925,95.2,0,0,0,0
2025-10-24T15:32:11.945771,4,4_0.0.0.0_0.0.0.0_0_0_0,0.0.0.0,0.0.0.0,0,0,0,17,469000000,10,30,1,34,3332,0.0,0.0,0.0,34,98.0,3332,17.469,0.0,17.469,0,0,0,1.9463047715207067,190.73786760902925,95.2,0,0,0,0
2025-10-24T15:32:11.945859,4,4_0.0.0.0_0.0.0.0_0_0_0,0.0.0.0,0.0.0.0,0,0,0,17,470000000,10,30,1,34,3332,0.0,0.0,0.0,34,98.0,3332,17.47,0.0,17.47,0,0,0,1.9461933631257378,190.7269495863223,95.2,0,0,0,0
2025-10-24T15:32:11.945941,4,4_0.0.0.0_0.0.0.0_0_0_0,0.0.0.0,0.0.0.0,0,0,0,17,463000000,10,30,1,34,3332,0.0,0.0,0.0,34,98.0,3332,17.463,0.0,17.463,0,0,0,1.9469734898371704,190.8034020040427,95.2,0,0,0,0
2025-10-24T15:32:11.946012,4,4_0.0.0.0_0.0.0.0_0_0_0,0.0.0.0,0.0.0.0,0,0,0,17,0,10,30,1,33,3234,0.0,0.0,0.0,33,98.0,3234,17.0,0.0,17.0,0,0,0,1.9411763564013906,190.2352829273363,95.11764705882354,0,0,0,0
2025-10-24T15:32:11.946109,4,4_0.0.0.0_0.0.0.0_0_0_0,0.0.0.0,0.0.0.0,0,0,0,17,0,10,30,1,33,3234,0.0,0.0,0.0,33,98.0,3234,17.0,0.0,17.0,0,0,0,1.9411763564013906,190.2352829273363,95.11764705882354,0,0,0,0
2025-10-24T15:32:16.937944,1,1_0.0.0.0_0.0.0.0_0_0_0,0.0.0.0,0.0.0.0,0,0,0,24,15000000,10,30,1,48,4680,2.797524030517081,269.3615995097875,2.797524030517081,48,97.5,4680,24.015,5.004425287246704,24.015,0,0,0,1.998750697532763,194.87819300944437,95.51020408163265,0,0,0,0
2025-10-24T15:32:16.938253,1,1_0.0.0.0_0.0.0.0_0_0_0,0.0.0.0,0.0.0.0,0,0,0,24,9000000,10,30,1,48,4660,0.0,0.0,0.0,48,97.08333333333331,4660,24.009,0.0,24.009,0,0,0,1.9992501978737056,194.0938733769056,95.10204081632654,0,0,0,0
2025-10-24T15:32:16.938388,1,1_0.0.0.0_0.0.0.0_0_0_0,0.0.0.0,0.0.0.0,0,0,0,24,2000000,10,30,1,47,4606,0.0,0.0,0.0,47,98.0,4606,24.002,0.0,24.002,0,0,0,1.9581700709036718,191.90066694855983,95.95833333333333,0,0,0,0
2025-10-24T15:32:16.938510,1,1_0.0.0.0_0.0.0.0_0_0_0,0.0.0.0,0.0.0.0,0,0,0,23,522000000,10,30,1,47,4606,0.0,0.0,0.0,47,98.0,4606,23.522,0.0,23.522,0,0,0,1.9981293258171362,195.81667393007933,95.95833333333333,0,0,0,0
2025-10-24T15:32:16.938648,1,1_0.0.0.0_0.0.0.0_0_0_0,0.0.0.0,0.0.0.0,0,0,0,22,485000000,10,30,1,44,4312,0.0,0.0,0.0,44,98.0,4312,22.485,0.0,22.485,0,0,0,1.956860041945295,191.7722841106389,95.82222222222222,0,0,0,0
2025-10-24T15:32:16.938738,1,1_0.0.0.0_0.0.0.0_0_0_0,0.0.0.0,0.0.0.0,0,0,0,22,472000000,10,30,1,44,4312,0.0,0.0,0.0,44,98.0,4312,22.472,0.0,22.472,0,0,0,1.9579920809010285,191.8832239283008,95.82222222222222,0,0,0,0
2025-10-24T15:32:16.938843,1,1_0.0.0.0_0.0.0.0_0_0_0,0.0.0.0,0.0.0.0,0,0,0,22,441000000,10,30,1,43,4214,0.0,0.0,0.0,43,98.0,4214,22.441,0.0,22.441,0,0,0,1.9161355591936384,187.78128480097658,95.77272727272727,0,0,0,0
2025-10-24T15:32:16.938972,1,1_0.0.0.0_0.0.0.0_0_0_0,0.0.0.0,0.0.0.0,0,0,0,22,6000000,10,30,1,44,4312,0.0,0.0,0.0,44,98.0,4312,22.006,0.0,22.006,0,0,0,1.9994546033147957,195.94655112484998,95.82222222222222,0,0,0,0
2025-10-24T15:32:16.946973,2,2_0.0.0.0_0.0.0.0_0_0_0,0.0.0.0,0.0.0.0,0,0,0,24,17000000,10,30,1,47,4606,2.79858372835593,274.2612053788812,2.79858372835593,47,98.0,4606,24.017,5.002530336380005,24.017,0,0,0,1.956947080944869,191.78081393259717,95.95833333333333,0,0,0,0
2025-10-24T15:32:16.947223,2,2_0.0.0.0_0.0.0.0_0_0_0,0.0.0.0,0.0.0.0,0,0,0,24,10000000,10,30,1,47,4606,0.0,0.0,0.0,47,98.0,4606,24.01,0.0,24.01,0,0,0,1.9575176194286703,191.8367267040097,95.95833333333333,0,0,0,0
2025-10-24T15:32:16.947311,2,2_0.0.0.0_0.0.0.0_0_0_0,0.0.0.0,0.0.0.0,0,0,0,24,3000000,10,30,1,48,4660,0.0,0.0,0.0,48,97.08333333333331,4660,24.003,0.0,24.003,0,0,0,1.9997499479335936,194.14239077855305,95.10204081632654,0,0,0,0
2025-10-24T15:32:16.947381,2,2_0.0.0.0_0.0.0.0_0_0_0,0.0.0.0,0.0.0.0,0,0,0,23,522000000,10,30,1,47,4582,0.0,0.0,0.0,47,97.48936170212764,4582,23.522,0.0,23.522,0,0,0,1.9981293258171362,194.79635257221526,95.45833333333333,0,0,0,0
2025-10-24T15:32:16.947466,2,2_0.0.0.0_0.0.0.0_0_0_0,0.0.0.0,0.0.0.0,0,0,0,22,497000000,10,30,1,44,4312,0.0,0.0,0.0,44,98.0,4312,22.497,0.0,22.497,0,0,0,1.9558162441296063,191.66999192470143,95.82222222222222,0,0,0,0
2025-10-24T15:32:16.947588,2,2_0.0.0.0_0.0.0.0_0_0_0,0.0.0.0,0.0.0.0,0,0,0,22,497000000,10,30,1,45,4386,0.0,0.0,0.0,45,97.46666666666668,4386,22.497,0.0,22.497,0,0,0,2.0002666133143703,194.95931924437394,95.34782608695652,0,0,0,0
2025-10-24T15:32:16.947729,2,2_0.0.0.0_0.0.0.0_0_0_0,0.0.0.0,0.0.0.0,0,0,0,22,497000000,10,30,1,44,4312,0.0,0.0,0.0,44,98.0,4312,22.497,0.0,22.497,0,0,0,1.9558162441296063,191.66999192470143,95.82222222222222,0,0,0,0
2025-10-24T15:32:16.947858,2,2_0.0.0.0_0.0.0.0_0_0_0,0.0.0.0,0.0.0.0,0,0,0,22,489000000,10,30,1,45,4366,0.0,0.0,0.0,45,97.02222222222224,4366,22.489,0.0,22.489,0,0,0,2.000978167060422,194.13934838635117,94.91304347826087,0,0,0,0
2025-10-24T15:32:16.947945,2,2_0.0.0.0_0.0.0.0_0_0_0,0.0.0.0,0.0.0.0,0,0,0,22,489000000,10,30,1,44,4312,0.0,0.0,0.0,44,98.0,4312,22.489,0.0,22.489,0,0,0,1.9565119855701905,191.73817458587865,95.82222222222222,0,0,0,0
2025-10-24T15:32:16.948029,2,2_0.0.0.0_0.0.0.0_0_0_0,0.0.0.0,0.0.0.0,0,0,0,22,485000000,10,30,1,89,8722,0.0,0.0,0.0,89,98.0,8722,22.485,0.0,22.485,0,0,0,3.958194175752983,387.9030292237923,96.91111111111111,0,0,0,0
2025-10-24T15:32:16.948145,2,2_0.0.0.0_0.0.0.0_0_0_0,0.0.0.0,0.0.0.0,0,0,0,22,474000000,10,30,1,88,8624,0.0,0.0,0.0,88,98.0,8624,22.474,0.0,22.474,0,0,0,3.91563567163675,383.73229582040153,96.89887640449439,0,0,0,0
2025-10-24T15:32:16.948279,2,2_0.0.0.0_0.0.0.0_0_0_0,0.0.0.0,0.0.0.0,0,0,0,22,465000000,10,30,1,44,4312,0.0,0.0,0.0,44,98.0,4312,22.465,0.0,22.465,0,0,0,1.9586021830134794,191.94301393532098,95.82222222222222,0,0,0,0
2025-10-24T15:32:16.948410,2,2_0.0.0.0_0.0.0.0_0_0_0,0.0.0.0,0.0.0.0,0,0,0,22,452000000,10,30,1,44,4312,0.0,0.0,0.0,44,98.0,4312,22.452,0.0,22.452,0,0,0,1.9597362390995794,192.05415143175878,95.82222222222222,0,0,0,0
2025-10-24T15:32:16.948505,2,2_0.0.0.0_0.0.0.0_0_0_0,0.0.0.0,0.0.0.0,0,0,0,22,1000000,10,30,1,43,4214,0.0,0.0,0.0,43,98.0,4214,22.001,0.0,22.001,0,0,0,1.9544565267734861,191.53673962380165,95.77272727272727,0,0,0,0
2025-10-24T15:32:16.948639,3,3_0.0.0.0_0.0.0.0_0_0_0,0.0.0.0,0.0.0.0,0,0,0,22,491000000,10,30,1,44,4312,2.197675474292242,215.37219648063976,2.197675474292242,44,98.0,4312,22.491,5.005288600921631,22.491,0,0,0,1.9563380038087232,191.72112437325487,95.82222222222222,0,0,0,0
2025-10-24T15:32:16.948766,3,3_0.0.0.0_0.0.0.0_0_0_0,0.0.0.0,0.0.0.0,0,0,0,22,491000000,10,30,1,44,4312,0.0,0.0,0.0,44,98.0,4312,22.491,0.0,22.491,0,0,0,1.9563380038087232,191.72112437325487,95.82222222222222,0,0,0,0
2025-10-24T15:32:16.948872,3,3_0.0.0.0_0.0.0.0_0_0_0,0.0.0.0,0.0.0.0,0,0,0,22,491000000,10,30,1,89,8722,0.0,0.0,0.0,89,98.0,8722,22.491,0.0,22.491,0,0,0,3.957138234976736,387.7995470277201,96.91111111111111,0,0,0,0
2025-10-24T15:32:16.949001,3,3_0.0.0.0_0.0.0.0_0_0_0,0.0.0.0,0.0.0.0,0,0,0,22,486000000,10,30,1,44,4312,0.0,0.0,0.0,44,98.0,4312,22.486,0.0,22.486,0,0,0,1.9567730162424166,191.76375559175682,95.82222222222222,0,0,0,0
2025-10-24T15:32:16.949114,3,3_0.0.0.0_0.0.0.0_0_0_0,0.0.0.0,0.0.0.0,0,0,0,22,484000000,10,30,1,44,4312,0.0,0.0,0.0,44,98.0,4312,22.484,0.0,22.484,0,0,0,1.9569470753892955,191.78081338815096,95.82222222222222,0,0,0,0
2025-10-24T15:32:16.949196,3,3_0.0.0.0_0.0.0.0_0_0_0,0.0.0.0,0.0.0.0,0,0,0,22,484000000,10,30,1,44,4312,0.0,0.0,0.0,44,98.0,4312,22.484,0.0,22.484,0,0,0,1.9569470753892955,191.78081338815096,95.82222222222222,0,0,0,0
2025-10-24T15:32:16.949291,3,3_0.0.0.0_0.0.0.0_0_0_0,0.0.0.0,0.0.0.0,0,0,0,22,477000000,10,30,1,45,4366,0.0,0.0,0.0,45,97.02222222222224,4366,22.477,0.0,22.477,0,0,0,2.0020464473885995,194.24299531774722,94.91304347826087,0,0,0,0
2025-10-24T15:32:16.949375,3,3_0.0.0.0_0.0.0.0_0_0_0,0.0.0.0,0.0.0.0,0,0,0,22,476000000,10,30,1,44,4312,0.0,0.0,0.0,44,98.0,4312,22.476,0.0,22.476,0,0,0,1.9576436217457012,191.84907493107872,95.82222222222222,0,0,0,0
2025-10-24T15:32:16.949470,3,3_0.0.0.0_0.0.0.0_0_0_0,0.0.0.0,0.0.0.0,0,0,0,22,464000000,10,30,1,88,8624,0.0,0.0,0.0,88,98.0,8624,22.464,0.0,22.464,0,0,0,3.9173787429941798,383.9031168134296,96.89887640449439,0,0,0,0
2025-10-24T15:32:16.949579,3,3_0.0.0.0_0.0.0.0_0_0_0,0.0.0.0,0.0.0.0,0,0,0,22,459000000,10,30,1,44,4312,0.0,0.0,0.0,44,98.0,4312,22.459,0.0,22.459,0,0,0,1.959125430378671,191.99429217710974,95.82222222222222,0,0,0,0
2025-10-24T15:32:16.949666,3,3_0.0.0.0_0.0.0.0_0_0_0,0.0.0.0,0.0.0.0,0,0,0,22,458000000,10,30,1,44,4312,0.0,0.0,0.0,44,98.0,4312,22.458,0.0,22.458,0,0,0,1.959212665454953,192.0028412145854,95.82222222222222,0,0,0,0
2025-10-24T15:32:16.949750,3,3_0.0.0.0_0.0.0.0_0_0_0,0.0.0.0,0.0.0.0,0,0,0,22,406000000,10,30,1,44,4312,0.0,0.0,0.0,44,98.0,4312,22.406,0.0,22.406,0,0,0,1.963759619576916,192.44844271853776,95.82222222222222,0,0,0,0
2025-10-24T15:32:16.949862,3,3_0.0.0.0_0.0.0.0_0_0_0,0.0.0.0,0.0.0.0,0,0,0,22,7000000,10,30,1,43,4214,0.0,0.0,0.0,43,98.0,4214,22.007,0.0,22.007,0,0,0,1.953923662747141,191.48451894921982,95.77272727272727,0,0,0,0
2025-10-24T15:32:16.949956,3,3_0.0.0.0_0.0.0.0_0_0_0,0.0.0.0,0.0.0.0,0,0,0,22,7000000,10,30,1,43,4214,0.0,0.0,0.0,43,98.0,4214,22.007,0.0,22.007,0,0,0,1.953923662747141,191.48451894921982,95.77272727272727,0,0,0,0
2025-10-24T15:32:16.950085,4,4_0.0.0.0_0.0.0.0_0_0_0,0.0.0.0,0.0.0.0,0,0,0,22,487000000,10,30,1,89,8722,11.189783193178988,1096.5987529315407,11.189783193178988,89,98.0,8722,22.487,5.004565238952637,22.487,0,0,0,3.9578421328837936,387.86852902261177,96.91111111111111,0,0,0,0
2025-10-24T15:32:16.950207,4,4_0.0.0.0_0.0.0.0_0_0_0,0.0.0.0,0.0.0.0,0,0,0,22,474000000,10,30,1,89,8722,0.0,0.0,0.0,89,98.0,8722,22.474,0.0,22.474,0,0,0,3.9601315315417134,388.0928900910879,96.91111111111111,0,0,0,0
2025-10-24T15:32:16.950347,4,4_0.0.0.0_0.0.0.0_0_0_0,0.0.0.0,0.0.0.0,0,0,0,22,474000000,10,30,1,44,4312,0.0,0.0,0.0,44,98.0,4312,22.474,0.0,22.474,0,0,0,1.957817835818375,191.86614791020077,95.82222222222222,0,0,0,0
2025-10-24T15:32:16.950476,4,4_0.0.0.0_0.0.0.0_0_0_0,0.0.0.0,0.0.0.0,0,0,0,22,474000000,10,30,1,44,4312,0.0,0.0,0.0,44,98.0,4312,22.474,0.0,22.474,0,0,0,1.957817835818375,191.86614791020077,95.82222222222222,0,0,0,0
2025-10-24T15:32:16.950588,4,4_0.0.0.0_0.0.0.0_0_0_0,0.0.0.0,0.0.0.0,0,0,0,22,474000000,10,30,1,44,4312,0.0,0.0,0.0,44,98.0,4312,22.474,0.0,22.474,0,0,0,1.957817835818375,191.86614791020077,95.82222222222222,0,0,0,0
2025-10-24T15:32:16.950690,4,4_0.0.0.0_0.0.0.0_0_0_0,0.0.0.0,0.0.0.0,0,0,0,22,467000000,10,30,1,44,4312,0.0,0.0,0.0,44,98.0,4312,22.467,0.0,22.467,0,0,0,1.9584278293306703,191.9259272744057,95.82222222222222,0,0,0,0
2025-10-24T15:32:16.950804,4,4_0.0.0.0_0.0.0.0_0_0_0,0.0.0.0,0.0.0.0,0,0,0,22,4000000,10,30,1,43,4214,0.0,0.0,0.0,43,98.0,4214,22.004,0.0,22.004,0,0,0,1.9541900584352816,191.5106257266576,95.77272727272727,0,0,0,0
2025-10-24T15:32:16.950886,4,4_0.0.0.0_0.0.0.0_0_0_0,0.0.0.0,0.0.0.0,0,0,0,22,4000000,10,30,1,43,4214,0.0,0.0,0.0,43,98.0,4214,22.004,0.0,22.004,0,0,0,1.9541900584352816,191.5106257266576,95.77272727272727,0,0,0,0
2025-10-24T15:32:21.935561,1,1_0.0.0.0_0.0.0.0_0_0_0,0.0.0.0,0.0.0.0,0,0,0,29,15000000,10,30,1,58,5660,2.8013294998413047,269.7280118418628,2.8013294998413047,58,97.58620689655172,5660,29.015,4.997627019882202,29.015,0,0,0,1.9989659831478206,195.07150801063216,95.9322033898305,0,0,0,0
2025-10-24T15:32:21.935815,1,1_0.0.0.0_0.0.0.0_0_0_0,0.0.0.0,0.0.0.0,0,0,0,29,9000000,10,30,1,58,5640,0.0,0.0,0.0,58,97.24137931034484,5640,29.009,0.0,29.009,0,0,0,1.9993794339901605,194.42241392593974,95.59322033898304,0,0,0,0
2025-10-24T15:32:21.935921,1,1_0.0.0.0_0.0.0.0_0_0_0,0.0.0.0,0.0.0.0,0,0,0,29,2000000,10,30,1,57,5586,0.0,0.0,0.0,57,98.0,5586,29.002,0.0,29.002,0,0,0,1.9653816300468372,192.60739974459003,96.3103448275862,0,0,0,0
2025-10-24T15:32:21.936000,1,1_0.0.0.0_0.0.0.0_0_0_0,0.0.0.0,0.0.0.0,0,0,0,28,522000000,10,30,1,57,5586,0.0,0.0,0.0,57,98.0,5586,28.522,0.0,28.522,0,0,0,1.998457261115726,195.84881158934115,96.3103448275862,0,0,0,0
2025-10-24T15:32:21.936096,1,1_0.0.0.0_0.0.0.0_0_0_0,0.0.0.0,0.0.0.0,0,0,0,27,485000000,10,30,1,54,5292,0.0,0.0,0.0,54,98.0,5292,27.485,0.0,27.485,0,0,0,1.9647079510748426,192.54137920533458,96.21818181818182,0,0,0,0
2025-10-24T15:32:21.936173,1,1_0.0.0.0_0.0.0.0_0_0_0,0.0.0.0,0.0.0.0,0,0,0,27,472000000,10,30,1,54,5292,0.0,0.0,0.0,54,98.0,5292,27.472,0.0,27.472,0,0,0,1.9656376686940276,192.6324915320147,96.21818181818182,0,0,0,0
2025-10-24T15:32:21.936246,1,1_0.0.0.0_0.0.0.0_0_0_0,0.0.0.0,0.0.0.0,0,0,0,27,441000000,10,30,1,54,5292,0.0,0.0,0.0,54,98.0,5292,27.441,0.0,27.441,0,0,0,1.9678582424890403,192.85010776392596,96.21818181818182,0,0,0,0
2025-10-24T15:32:21.936318,1,1_0.0.0.0_0.0.0.0_0_0_0,0.0.0.0,0.0.0.0,0,0,0,27,6000000,10,30,1,54,5292,0.0,0.0,0.0,54,98.0,5292,27.006,0.0,27.006,0,0,0,1.9995555802578842,195.95644686527262,96.21818181818182,0,0,0,0
2025-10-24T15:32:21.943234,3,3_0.0.0.0_0.0.0.0_0_0_0,0.0.0.0,0.0.0.0,0,0,0,27,490000000,10,30,1,54,5292,2.2023787537169666,215.83311786426276,2.2023787537169666,54,98.0,5292,27.49,4.9945995807647705,27.49,0,0,0,1.9643506015150745,192.5063589484773,96.21818181818182,0,0,0,0
2025-10-24T15:32:21.943409,3,3_0.0.0.0_0.0.0.0_0_0_0,0.0.0.0,0.0.0.0,0,0,0,27,490000000,10,30,1,54,5292,0.0,0.0,0.0,54,98.0,5292,27.49,0.0,27.49,0,0,0,1.9643506015150745,192.5063589484773,96.21818181818182,0,0,0,0
2025-10-24T15:32:21.943486,3,3_0.0.0.0_0.0.0.0_0_0_0,0.0.0.0,0.0.0.0,0,0,0,27,490000000,10,30,1,109,10682,0.0,0.0,0.0,109,98.0,10682,27.49,0.0,27.49,0,0,0,3.965078066021169,388.57765047007456,97.10909090909091,0,0,0,0
2025-10-24T15:32:21.943549,3,3_0.0.0.0_0.0.0.0_0_0_0,0.0.0.0,0.0.0.0,0,0,0,27,485000000,10,30,1,54,5292,0.0,0.0,0.0,54,98.0,5292,27.485,0.0,27.485,0,0,0,1.9647079510748426,192.54137920533458,96.21818181818182,0,0,0,0
2025-10-24T15:32:21.943608,3,3_0.0.0.0_0.0.0.0_0_0_0,0.0.0.0,0.0.0.0,0,0,0,27,483000000,10,30,1,54,5292,0.0,0.0,0.0,54,98.0,5292,27.483,0.0,27.483,0,0,0,1.9648509273059371,192.55539087598183,96.21818181818182,0,0,0,0
2025-10-24T15:32:21.943668,3,3_0.0.0.0_0.0.0.0_0_0_0,0.0.0.0,0.0.0.0,0,0,0,27,483000000,10,30,1,54,5292,0.0,0.0,0.0,54,98.0,5292,27.483,0.0,27.483,0,0,0,1.9648509273059371,192.55539087598183,96.21818181818182,0,0,0,0
2025-10-24T15:32:21.943731,3,3_0.0.0.0_0.0.0.0_0_0_0,0.0.0.0,0.0.0.0,0,0,0,27,476000000,10,30,1,55,5346,0.0,0.0,0.0,55,97.2,5346,27.476,0.0,27.476,0,0,0,2.001746906327453,194.56979929502842,95.46428571428571,0,0,0,0
2025-10-24T15:32:21.943788,3,3_0.0.0.0_0.0.0.0_0_0_0,0.0.0.0,0.0.0.0,0,0,0,27,475000000,10,30,1,54,5292,0.0,0.0,0.0,54,98.0,5292,27.475,0.0,27.475,0,0,0,1.9654230403849664,192.6114579577267,96.21818181818182,0,0,0,0
2025-10-24T15:32:21.943840,3,3_0.0.0.0_0.0.0.0_0_0_0,0.0.0.0,0.0.0.0,0,0,0,27,463000000,10,30,1,108,10584,0.0,0.0,0.0,108,98.0,10584,27.463,0.0,27.463,0,0,0,3.9325636699354156,385.39123965367077,97.10091743119266,0,0,0,0
2025-10-24T15:32:21.943891,3,3_0.0.0.0_0.0.0.0_0_0_0,0.0.0.0,0.0.0.0,0,0,0,27,458000000,10,30,1,54,5292,0.0,0.0,0.0,54,98.0,5292,27.458,0.0,27.458,0,0,0,1.966639887586864,192.73070898351267,96.21818181818182,0,0,0,0
2025-10-24T15:32:21.943942,3,3_0.0.0.0_0.0.0.0_0_0_0,0.0.0.0,0.0.0.0,0,0,0,27,457000000,10,30,1,54,5292,0.0,0.0,0.0,54,98.0,5292,27.457,0.0,27.457,0,0,0,1.9667115137592774,192.7377283484092,96.21818181818182,0,0,0,0
2025-10-24T15:32:21.944005,3,3_0.0.0.0_0.0.0.0_0_0_0,0.0.0.0,0.0.0.0,0,0,0,27,405000000,10,30,1,54,5292,0.0,0.0,0.0,54,98.0,5292,27.405,0.0,27.405,0,0,0,1.9704432778528267,193.10344122957702,96.21818181818182,0,0,0,0
2025-10-24T15:32:21.944089,3,3_0.0.0.0_0.0.0.0_0_0_0,0.0.0.0,0.0.0.0,0,0,0,27,6000000,10,30,1,53,5194,0.0,0.0,0.0,53,98.0,5194,27.006,0.0,27.006,0,0,0,1.9625267732160714,192.327623775175,96.18518518518519,0,0,0,0
2025-10-24T15:32:21.944161,3,3_0.0.0.0_0.0.0.0_0_0_0,0.0.0.0,0.0.0.0,0,0,0,27,6000000,10,30,1,53,5194,0.0,0.0,0.0,53,98.0,5194,27.006,0.0,27.006,0,0,0,1.9625267732160714,192.327623775175,96.18518518518519,0,0,0,0
2025-10-24T15:32:21.944262,4,4_0.0.0.0_0.0.0.0_0_0_0,0.0.0.0,0.0.0.0,0,0,0,27,485000000,10,30,1,109,10682,13.21533737642311,1295.1030628894648,13.21533737642311,109,98.0,10682,27.485,4.994197130203247,27.485,0,0,0,3.965799382725145,388.64833950706424,97.10909090909091,0,0,0,0
2025-10-24T15:32:21.944369,4,4_0.0.0.0_0.0.0.0_0_0_0,0.0.0.0,0.0.0.0,0,0,0,27,472000000,10,30,1,109,10682,0.0,0.0,0.0,109,98.0,10682,27.472,0.0,27.472,0,0,0,3.967676034956463,388.8322514257334,97.10909090909091,0,0,0,0
2025-10-24T15:32:21.944445,4,4_0.0.0.0_0.0.0.0_0_0_0,0.0.0.0,0.0.0.0,0,0,0,27,472000000,10,30,1,54,5292,0.0,0.0,0.0,54,98.0,5292,27.472,0.0,27.472,0,0,0,1.9656376686940276,192.6324915320147,96.21818181818182,0,0,0,0
2025-10-24T15:32:21.944517,4,4_0.0.0.0_0.0.0.0_0_0_0,0.0.0.0,0.0.0.0,0,0,0,27,472000000,10,30,1,54,5292,0.0,0.0,0.0,54,98.0,5292,27.472,0.0,27.472,0,0,0,1.9656376686940276,192.6324915320147,96.21818181818182,0,0,0,0
2025-10-24T15:32:21.944589,4,4_0.0.0.0_0.0.0.0_0_0_0,0.0.0.0,0.0.0.0,0,0,0,27,472000000,10,30,1,54,5292,0.0,0.0,0.0,54,98.0,5292,27.472,0.0,27.472,0,0,0,1.9656376686940276,192.6324915320147,96.21818181818182,0,0,0,0
2025-10-24T15:32:21.944661,4,4_0.0.0.0_0.0.0.0_0_0_0,0.0.0.0,0.0.0.0,0,0,0,27,465000000,10,30,1,54,5292,0.0,0.0,0.0,54,98.0,5292,27.465,0.0,27.465,0,0,0,1.966138650422769,192.68158774143134,96.21818181818182,0,0,0,0
2025-10-24T15:32:21.944732,4,4_0.0.0.0_0.0.0.0_0_0_0,0.0.0.0,0.0.0.0,0,0,0,27,2000000,10,30,1,53,5194,0.0,0.0,0.0,53,98.0,5194,27.002,0.0,27.002,0,0,0,1.962817496377398,192.356114644985,96.18518518518519,0,0,0,0
2025-10-24T15:32:21.944803,4,4_0.0.0.0_0.0.0.0_0_0_0,0.0.0.0,0.0.0.0,0,0,0,27,2000000,10,30,1,53,5194,0.0,0.0,0.0,53,98.0,5194,27.002,0.0,27.002,0,0,0,1.962817496377398,192.356114644985,96.18518518518519,0,0,0,0
2025-10-24T15:32:21.944894,2,2_0.0.0.0_0.0.0.0_0_0_0,0.0.0.0,0.0.0.0,0,0,0,29,15000000,10,30,1,57,5586,2.8011587167676906,274.51355424323367,2.8011587167676906,57,98.0,5586,29.015,4.997931718826294,29.015,0,0,0,1.9645010524038926,192.52110313558148,96.3103448275862,0,0,0,0
2025-10-24T15:32:21.944979,2,2_0.0.0.0_0.0.0.0_0_0_0,0.0.0.0,0.0.0.0,0,0,0,29,8000000,10,30,1,57,5586,0.0,0.0,0.0,57,98.0,5586,29.008,0.0,29.008,0,0,0,1.9649751115218177,192.56756092913812,96.3103448275862,0,0,0,0
2025-10-24T15:32:21.945078,2,2_0.0.0.0_0.0.0.0_0_0_0,0.0.0.0,0.0.0.0,0,0,0,29,1000000,10,30,1,58,5640,0.0,0.0,0.0,58,97.24137931034484,5640,29.001,0.0,29.001,0,0,0,1.999930967900039,194.47604584407276,95.59322033898304,0,0,0,0
2025-10-24T15:32:21.945182,2,2_0.0.0.0_0.0.0.0_0_0_0,0.0.0.0,0.0.0.0,0,0,0,28,520000000,10,30,1,57,5562,0.0,0.0,0.0,57,97.57894736842104,5562,28.52,0.0,28.52,0,0,0,1.9985974053787725,195.0210310301181,95.89655172413794,0,0,0,0
2025-10-24T15:32:21.945296,2,2_0.0.0.0_0.0.0.0_0_0_0,0.0.0.0,0.0.0.0,0,0,0,27,495000000,10,30,1,54,5292,0.0,0.0,0.0,54,98.0,5292,27.495,0.0,27.495,0,0,0,1.9639933819242268,192.47135142857422,96.21818181818182,0,0,0,0
2025-10-24T15:32:21.945404,2,2_0.0.0.0_0.0.0.0_0_0_0,0.0.0.0,0.0.0.0,0,0,0,27,495000000,10,30,1,55,5366,0.0,0.0,0.0,55,97.56363636363636,5366,27.495,0.0,27.495,0,0,0,2.000363629737638,195.16274976676667,95.82142857142857,0,0,0,0
2025-10-24T15:32:21.945502,2,2_0.0.0.0_0.0.0.0_0_0_0,0.0.0.0,0.0.0.0,0,0,0,27,495000000,10,30,1,54,5292,0.0,0.0,0.0,54,98.0,5292,27.495,0.0,27.495,0,0,0,1.9639933819242268,192.47135142857422,96.21818181818182,0,0,0,0
2025-10-24T15:32:21.945576,2,2_0.0.0.0_0.0.0.0_0_0_0,0.0.0.0,0.0.0.0,0,0,0,27,487000000,10,30,1,55,5346,0.0,0.0,0.0,55,97.2,5346,27.487,0.0,27.487,0,0,0,2.0009458289029056,194.49193456936246,95.46428571428571,0,0,0,0
2025-10-24T15:32:21.945645,2,2_0.0.0.0_0.0.0.0_0_0_0,0.0.0.0,0.0.0.0,0,0,0,27,487000000,10,30,1,54,5292,0.0,0.0,0.0,54,98.0,5292,27.487,0.0,27.487,0,0,0,1.9645649956501257,192.52736957371232,96.21818181818182,0,0,0,0
2025-10-24T15:32:21.945715,2,2_0.0.0.0_0.0.0.0_0_0_0,0.0.0.0,0.0.0.0,0,0,0,27,483000000,10,30,1,109,10682,0.0,0.0,0.0,109,98.0,10682,27.483,0.0,27.483,0,0,0,3.9660879828953175,388.6766223237411,97.10909090909091,0,0,0,0
2025-10-24T15:32:21.945790,2,2_0.0.0.0_0.0.0.0_0_0_0,0.0.0.0,0.0.0.0,0,0,0,27,472000000,10,30,1,108,10584,0.0,0.0,0.0,108,98.0,10584,27.472,0.0,27.472,0,0,0,3.931275337388055,385.2649830640294,97.10091743119266,0,0,0,0
2025-10-24T15:32:21.945863,2,2_0.0.0.0_0.0.0.0_0_0_0,0.0.0.0,0.0.0.0,0,0,0,27,463000000,10,30,1,54,5292,0.0,0.0,0.0,54,98.0,5292,27.463,0.0,27.463,0,0,0,1.9662818349677078,192.69561982683538,96.21818181818182,0,0,0,0
2025-10-24T15:32:21.945934,2,2_0.0.0.0_0.0.0.0_0_0_0,0.0.0.0,0.0.0.0,0,0,0,27,450000000,10,30,1,54,5292,0.0,0.0,0.0,54,98.0,5292,27.45,0.0,27.45,0,0,0,1.967213043088778,192.78687822270024,96.21818181818182,0,0,0,0
2025-10-24T15:32:21.946004,2,2_0.0.0.0_0.0.0.0_0_0_0,0.0.0.0,0.0.0.0,0,0,0,26,999000000,10,30,1,53,5194,0.0,0.0,0.0,53,98.0,5194,26.999,0.0,26.999,0,0,0,1.9630355952799883,192.37748833743885,96.18518518518519,0,0,0,0
2025-10-24T15:32:26.937200,1,1_0.0.0.0_0.0.0.0_0_0_0,0.0.0.0,0.0.0.0,0,0,0,3,467000000,10,30,1,6,588,-9.59711009262872,-940.5167890776146,-9.59711009262872,6,98.0,588,3.467,5.001505613327026,3.467,0,0,0,1.73060232748707,169.59902809373287,84.0,0,0,0,0
2025-10-24T15:32:26.937512,1,1_0.0.0.0_0.0.0.0_0_0_0,0.0.0.0,0.0.0.0,0,0,0,3,460000000,10,30,1,7,686,0.0,0.0,0.0,7,98.0,686,3.46,0.0,3.46,0,0,0,2.023120802566242,198.26583865149172,85.75,0,0,0,0
2025-10-24T15:32:26.940590,1,1_0.0.0.0_0.0.0.0_0_0_0,0.0.0.0,0.0.0.0,0,0,0,3,456000000,10,30,1,7,686,0.0,0.0,0.0,7,98.0,686,3.456,0.0,3.456,0,0,0,2.025462376891673,198.495312935384,85.75,0,0,0,0
2025-10-24T15:32:26.940832,1,1_0.0.0.0_0.0.0.0_0_0_0,0.0.0.0,0.0.0.0,0,0,0,2,975000000,10,30,1,6,588,0.0,0.0,0.0,6,98.0,588,2.975,0.0,2.975,0,0,0,2.0168060447710774,197.64699238756558,84.0,0,0,0,0
2025-10-24T15:32:26.940971,1,1_0.0.0.0_0.0.0.0_0_0_0,0.0.0.0,0.0.0.0,0,0,0,2,456000000,10,30,1,4,392,0.0,0.0,0.0,4,98.0,392,2.456,0.0,2.456,0,0,0,1.628663831977267,159.60905553377216,78.4,0,0,0,0
2025-10-24T15:32:26.941094,1,1_0.0.0.0_0.0.0.0_0_0_0,0.0.0.0,0.0.0.0,0,0,0,2,449000000,10,30,1,5,490,0.0,0.0,0.0,5,98.0,490,2.449,0.0,2.449,0,0,0,2.0416488192532385,200.08158428681736,81.66666666666667,0,0,0,0
2025-10-24T15:32:26.941196,1,1_0.0.0.0_0.0.0.0_0_0_0,0.0.0.0,0.0.0.0,0,0,0,2,412000000,10,30,1,4,392,0.0,0.0,0.0,4,98.0,392,2.412,0.0,2.412,0,0,0,1.6583741051516976,162.52066230486636,78.4,0,0,0,0
2025-10-24T15:32:26.941302,1,1_0.0.0.0_0.0.0.0_0_0_0,0.0.0.0,0.0.0.0,0,0,0,1,472000000,10,30,1,3,294,0.0,0.0,0.0,3,98.0,294,1.472,0.0,1.472,0,0,0,2.038042093721404,199.72812518469757,73.5,0,0,0,0
2025-10-24T15:32:26.946393,3,3_0.0.0.0_0.0.0.0_0_0_0,0.0.0.0,0.0.0.0,0,0,0,2,450000000,10,30,1,4,392,-9.793804244951357,-959.7928160052328,-9.793804244951357,4,98.0,392,2.45,5.00316309928894,2.45,0,0,0,1.632652394835757,159.99993469390418,78.4,0,0,0,0
2025-10-24T15:32:26.946513,3,3_0.0.0.0_0.0.0.0_0_0_0,0.0.0.0,0.0.0.0,0,0,0,2,450000000,10,30,1,4,392,0.0,0.0,0.0,4,98.0,392,2.45,0.0,2.45,0,0,0,1.632652394835757,159.99993469390418,78.4,0,0,0,0
2025-10-24T15:32:26.946562,3,3_0.0.0.0_0.0.0.0_0_0_0,0.0.0.0,0.0.0.0,0,0,0,2,438000000,10,30,1,4,392,0.0,0.0,0.0,4,98.0,392,2.438,0.0,2.438,0,0,0,1.6406884164526592,160.7874648123606,78.4,0,0,0,0
2025-10-24T15:32:26.946602,3,3_0.0.0.0_0.0.0.0_0_0_0,0.0.0.0,0.0.0.0,0,0,0,2,438000000,10,30,1,4,392,0.0,0.0,0.0,4,98.0,392,2.438,0.0,2.438,0,0,0,1.6406884164526592,160.7874648123606,78.4,0,0,0,0
2025-10-24T15:32:26.946644,3,3_0.0.0.0_0.0.0.0_0_0_0,0.0.0.0,0.0.0.0,0,0,0,2,438000000,10,30,1,3,294,0.0,0.0,0.0,3,98.0,294,2.438,0.0,2.438,0,0,0,1.2305163123394944,120.59059860927044,73.5,0,0,0,0
2025-10-24T15:32:26.946697,3,3_0.0.0.0_0.0.0.0_0_0_0,0.0.0.0,0.0.0.0,0,0,0,2,438000000,10,30,1,3,294,0.0,0.0,0.0,3,98.0,294,2.438,0.0,2.438,0,0,0,1.2305163123394944,120.59059860927044,73.5,0,0,0,0
2025-10-24T15:32:26.946747,3,3_0.0.0.0_0.0.0.0_0_0_0,0.0.0.0,0.0.0.0,0,0,0,2,427000000,10,30,1,8,784,0.0,0.0,0.0,8,98.0,784,2.427,0.0,2.427,0,0,0,3.29624915688127,323.03241737436446,87.11111111111111,0,0,0,0
2025-10-24T15:32:26.946785,3,3_0.0.0.0_0.0.0.0_0_0_0,0.0.0.0,0.0.0.0,0,0,0,2,427000000,10,30,1,4,392,0.0,0.0,0.0,4,98.0,392,2.427,0.0,2.427,0,0,0,1.648124578440635,161.51620868718223,78.4,0,0,0,0
2025-10-24T15:32:26.946817,3,3_0.0.0.0_0.0.0.0_0_0_0,0.0.0.0,0.0.0.0,0,0,0,2,427000000,10,30,1,4,392,0.0,0.0,0.0,4,98.0,392,2.427,0.0,2.427,0,0,0,1.648124578440635,161.51620868718223,78.4,0,0,0,0
2025-10-24T15:32:26.946850,3,3_0.0.0.0_0.0.0.0_0_0_0,0.0.0.0,0.0.0.0,0,0,0,2,427000000,10,30,1,8,784,0.0,0.0,0.0,8,98.0,784,2.427,0.0,2.427,0,0,0,3.29624915688127,323.03241737436446,87.11111111111111,0,0,0,0
2025-10-24T15:32:26.946883,3,3_0.0.0.0_0.0.0.0_0_0_0,0.0.0.0,0.0.0.0,0,0,0,1,961000000,10,30,1,3,294,0.0,0.0,0.0,3,98.0,294,1.961,0.0,1.961,0,0,0,1.5298309383829993,149.92343196153394,73.5,0,0,0,0
2025-10-24T15:32:26.946918,3,3_0.0.0.0_0.0.0.0_0_0_0,0.0.0.0,0.0.0.0,0,0,0,1,468000000,10,30,1,2,196,0.0,0.0,0.0,2,98.0,196,1.468,0.0,1.468,0,0,0,1.3623968921002099,133.51489542582055,65.33333333333333,0,0,0,0
2025-10-24T15:32:26.946949,3,3_0.0.0.0_0.0.0.0_0_0_0,0.0.0.0,0.0.0.0,0,0,0,1,466000000,10,30,1,3,294,0.0,0.0,0.0,3,98.0,294,1.466,0.0,1.466,0,0,0,2.046383324431566,200.54556579429348,73.5,0,0,0,0
2025-10-24T15:32:26.946980,3,3_0.0.0.0_0.0.0.0_0_0_0,0.0.0.0,0.0.0.0,0,0,0,1,464000000,10,30,1,2,196,0.0,0.0,0.0,2,98.0,196,1.464,0.0,1.464,0,0,0,1.3661192854376467,133.87968997288937,65.33333333333333,0,0,0,0
2025-10-24T15:32:26.947031,2,2_0.0.0.0_0.0.0.0_0_0_0,0.0.0.0,0.0.0.0,0,0,0,3,471000000,10,30,1,7,686,-9.196049098854989,-901.2128116877886,-9.196049098854989,7,98.0,686,3.471,5.002148151397705,3.471,0,0,0,2.0167093008616246,197.63751148443922,85.75,0,0,0,0
2025-10-24T15:32:26.947177,2,2_0.0.0.0_0.0.0.0_0_0_0,0.0.0.0,0.0.0.0,0,0,0,3,464000000,10,30,1,7,686,0.0,0.0,0.0,7,98.0,686,3.464,0.0,3.464,0,0,0,2.020784636032149,198.0368943311506,85.75,0,0,0,0
2025-10-24T15:32:26.947270,2,2_0.0.0.0_0.0.0.0_0_0_0,0.0.0.0,0.0.0.0,0,0,0,3,454000000,10,30,1,6,588,0.0,0.0,0.0,6,98.0,588,3.454,0.0,3.454,0,0,0,1.7371158838691707,170.23735661917874,84.0,0,0,0,0
2025-10-24T15:32:26.947348,2,2_0.0.0.0_0.0.0.0_0_0_0,0.0.0.0,0.0.0.0,0,0,0,2,972000000,10,30,1,6,588,0.0,0.0,0.0,6,98.0,588,2.972,0.0,2.972,0,0,0,2.0188418509953396,197.84650139754325,84.0,0,0,0,0
2025-10-24T15:32:26.947426,2,2_0.0.0.0_0.0.0.0_0_0_0,0.0.0.0,0.0.0.0,0,0,0,2,451000000,10,30,1,8,784,0.0,0.0,0.0,8,98.0,784,2.451,0.0,2.451,0,0,0,3.2639725565187443,319.86931053883694,87.11111111111111,0,0,0,0
2025-10-24T15:32:26.947506,2,2_0.0.0.0_0.0.0.0_0_0_0,0.0.0.0,0.0.0.0,0,0,0,2,451000000,10,30,1,4,392,0.0,0.0,0.0,4,98.0,392,2.451,0.0,2.451,0,0,0,1.6319862782593721,159.93465526941847,78.4,0,0,0,0
2025-10-24T15:32:26.947585,2,2_0.0.0.0_0.0.0.0_0_0_0,0.0.0.0,0.0.0.0,0,0,0,2,451000000,10,30,1,4,392,0.0,0.0,0.0,4,98.0,392,2.451,0.0,2.451,0,0,0,1.6319862782593721,159.93465526941847,78.4,0,0,0,0
2025-10-24T15:32:26.947664,2,2_0.0.0.0_0.0.0.0_0_0_0,0.0.0.0,0.0.0.0,0,0,0,2,439000000,10,30,1,8,784,0.0,0.0,0.0,8,98.0,784,2.439,0.0,2.439,0,0,0,3.280031455501658,321.44308263916247,87.11111111111111,0,0,0,0
2025-10-24T15:32:26.947743,2,2_0.0.0.0_0.0.0.0_0_0_0,0.0.0.0,0.0.0.0,0,0,0,2,439000000,10,30,1,3,294,0.0,0.0,0.0,3,98.0,294,2.439,0.0,2.439,0,0,0,1.2300117958131218,120.54115598968593,73.5,0,0,0,0
2025-10-24T15:32:26.947817,2,2_0.0.0.0_0.0.0.0_0_0_0,0.0.0.0,0.0.0.0,0,0,0,2,421000000,10,30,1,3,294,0.0,0.0,0.0,3,98.0,294,2.421,0.0,2.421,0,0,0,1.2391568611495825,121.43737239265907,73.5,0,0,0,0
2025-10-24T15:32:26.947889,2,2_0.0.0.0_0.0.0.0_0_0_0,0.0.0.0,0.0.0.0,0,0,0,1,964000000,10,30,1,4,392,0.0,0.0,0.0,4,98.0,392,1.964,0.0,1.964,0,0,0,2.036658840805071,199.59256639889696,78.4,0,0,0,0
2025-10-24T15:32:26.947965,2,2_0.0.0.0_0.0.0.0_0_0_0,0.0.0.0,0.0.0.0,0,0,0,1,961000000,10,30,1,3,294,0.0,0.0,0.0,3,98.0,294,1.961,0.0,1.961,0,0,0,1.5298309383829993,149.92343196153394,73.5,0,0,0,0
2025-10-24T15:32:26.948038,2,2_0.0.0.0_0.0.0.0_0_0_0,0.0.0.0,0.0.0.0,0,0,0,1,961000000,10,30,1,4,392,0.0,0.0,0.0,4,98.0,392,1.961,0.0,1.961,0,0,0,2.0397745845106656,199.89790928204525,78.4,0,0,0,0
2025-10-24T15:32:26.948148,2,2_0.0.0.0_0.0.0.0_0_0_0,0.0.0.0,0.0.0.0,0,0,0,1,462000000,10,30,1,2,196,0.0,0.0,0.0,2,98.0,196,1.462,0.0,1.462,0,0,0,1.3679881203911626,134.06283579833394,65.33333333333333,0,0,0,0
2025-10-24T15:32:26.948281,4,4_0.0.0.0_0.0.0.0_0_0_0,0.0.0.0,0.0.0.0,0,0,0,2,451000000,10,30,1,4,392,-9.792141640481503,-959.6298807671876,-9.792141640481503,4,98.0,392,2.451,5.004012584686279,2.451,0,0,0,1.6319862782593721,159.93465526941847,78.4,0,0,0,0
2025-10-24T15:32:26.948391,4,4_0.0.0.0_0.0.0.0_0_0_0,0.0.0.0,0.0.0.0,0,0,0,2,451000000,10,30,1,8,784,0.0,0.0,0.0,8,98.0,784,2.451,0.0,2.451,0,0,0,3.2639725565187443,319.86931053883694,87.11111111111111,0,0,0,0
2025-10-24T15:32:26.948490,4,4_0.0.0.0_0.0.0.0_0_0_0,0.0.0.0,0.0.0.0,0,0,0,2,439000000,10,30,1,4,392,0.0,0.0,0.0,4,98.0,392,2.439,0.0,2.439,0,0,0,1.640015727750829,160.72154131958123,78.4,0,0,0,0
2025-10-24T15:32:26.948589,4,4_0.0.0.0_0.0.0.0_0_0_0,0.0.0.0,0.0.0.0,0,0,0,2,439000000,10,30,1,8,784,0.0,0.0,0.0,8,98.0,784,2.439,0.0,2.439,0,0,0,3.280031455501658,321.44308263916247,87.11111111111111,0,0,0,0
2025-10-24T15:32:26.948683,4,4_0.0.0.0_0.0.0.0_0_0_0,0.0.0.0,0.0.0.0,0,0,0,2,427000000,10,30,1,3,294,0.0,0.0,0.0,3,98.0,294,2.427,0.0,2.427,0,0,0,1.2360934338304763,121.13715651538668,73.5,0,0,0,0
2025-10-24T15:32:26.948783,4,4_0.0.0.0_0.0.0.0_0_0_0,0.0.0.0,0.0.0.0,0,0,0,2,427000000,10,30,1,3,294,0.0,0.0,0.0,3,98.0,294,2.427,0.0,2.427,0,0,0,1.2360934338304763,121.13715651538668,73.5,0,0,0,0
2025-10-24T15:32:26.948881,4,4_0.0.0.0_0.0.0.0_0_0_0,0.0.0.0,0.0.0.0,0,0,0,1,463000000,10,30,1,3,294,0.0,0.0,0.0,3,98.0,294,1.463,0.0,1.463,0,0,0,2.0505795963229008,200.95680043964427,73.5,0,0,0,0
2025-10-24T15:32:26.948978,4,4_0.0.0.0_0.0.0.0_0_0_0,0.0.0.0,0.0.0.0,0,0,0,1,462000000,10,30,1,3,294,0.0,0.0,0.0,3,98.0,294,1.462,0.0,1.462,0,0,0,2.051982180586744,201.0942536975009,73.5,0,0,0,0
2025-10-24T15:32:31.942754,1,1_0.0.0.0_0.0.0.0_0_0_0,0.0.0.0,0.0.0.0,0,0,0,8,471000000,10,30,1,16,1568,2.597032514088864,254.50918638070863,2.597032514088864,16,98.0,1568,8.471,5.005713224411011,8.471,0,0,0,1.8887968493924154,185.10209124045673,92.23529411764706,0,0,0,0
2025-10-24T15:32:31.942847,1,1_0.0.0.0_0.0.0.0_0_0_0,0.0.0.0,0.0.0.0,0,0,0,8,464000000,10,30,1,17,1666,0.0,0.0,0.0,17,98.0,1666,8.464,0.0,8.464,0,0,0,2.0085063789571858,196.83362513780423,92.55555555555556,0,0,0,0
2025-10-24T15:32:31.942878,1,1_0.0.0.0_0.0.0.0_0_0_0,0.0.0.0,0.0.0.0,0,0,0,8,460000000,10,30,1,17,1666,0.0,0.0,0.0,17,98.0,1666,8.46,0.0,8.46,0,0,0,2.0094560272510607,196.92669067060393,92.55555555555556,0,0,0,0
2025-10-24T15:32:31.942899,1,1_0.0.0.0_0.0.0.0_0_0_0,0.0.0.0,0.0.0.0,0,0,0,7,979000000,10,30,1,16,1568,0.0,0.0,0.0,16,98.0,1568,7.979,0.0,7.979,0,0,0,2.005263566203338,196.5158294879271,92.23529411764706,0,0,0,0
2025-10-24T15:32:31.942923,1,1_0.0.0.0_0.0.0.0_0_0_0,0.0.0.0,0.0.0.0,0,0,0,7,460000000,10,30,1,14,1372,0.0,0.0,0.0,14,98.0,1372,7.46,0.0,7.46,0,0,0,1.8766753516520975,183.91418446190556,91.46666666666667,0,0,0,0
2025-10-24T15:32:31.942950,1,1_0.0.0.0_0.0.0.0_0_0_0,0.0.0.0,0.0.0.0,0,0,0,7,453000000,10,30,1,15,1470,0.0,0.0,0.0,15,98.0,1470,7.453,0.0,7.453,0,0,0,2.0126121008168387,197.23598588005018,91.875,0,0,0,0
2025-10-24T15:32:31.942973,1,1_0.0.0.0_0.0.0.0_0_0_0,0.0.0.0,0.0.0.0,0,0,0,7,416000000,10,30,1,14,1372,0.0,0.0,0.0,14,98.0,1372,7.416,0.0,7.416,0,0,0,1.8878098856782786,185.0053687964713,91.46666666666667,0,0,0,0
2025-10-24T15:32:31.942992,1,1_0.0.0.0_0.0.0.0_0_0_0,0.0.0.0,0.0.0.0,0,0,0,6,476000000,10,30,1,13,1274,0.0,0.0,0.0,13,98.0,1274,6.476,0.0,6.476,0,0,0,2.007411672728278,196.72634392737123,91.0,0,0,0,0
2025-10-24T15:32:31.943020,2,2_0.0.0.0_0.0.0.0_0_0_0,0.0.0.0,0.0.0.0,0,0,0,8,474000000,10,30,1,17,1666,3.0024054726004903,294.23573631484805,3.0024054726004903,17,98.0,1666,8.474,4.995994091033936,8.474,0,0,0,2.0061361805362075,196.6013456925483,92.55555555555556,0,0,0,0
2025-10-24T15:32:31.943043,2,2_0.0.0.0_0.0.0.0_0_0_0,0.0.0.0,0.0.0.0,0,0,0,8,467000000,10,30,1,17,1666,0.0,0.0,0.0,17,98.0,1666,8.467,0.0,8.467,0,0,0,2.0077947315702454,196.76388369388405,92.55555555555556,0,0,0,0
2025-10-24T15:32:31.943066,2,2_0.0.0.0_0.0.0.0_0_0_0,0.0.0.0,0.0.0.0,0,0,0,8,457000000,10,30,1,16,1568,0.0,0.0,0.0,16,98.0,1568,8.457,0.0,8.457,0,0,0,1.8919236263540704,185.4085153826989,92.23529411764706,0,0,0,0
2025-10-24T15:32:31.943088,2,2_0.0.0.0_0.0.0.0_0_0_0,0.0.0.0,0.0.0.0,0,0,0,7,975000000,10,30,1,16,1568,0.0,0.0,0.0,16,98.0,1568,7.975,0.0,7.975,0,0,0,2.0062693409066656,196.61439540885326,92.23529411764706,0,0,0,0
2025-10-24T15:32:31.943114,2,2_0.0.0.0_0.0.0.0_0_0_0,0.0.0.0,0.0.0.0,0,0,0,7,454000000,10,30,1,28,2744,0.0,0.0,0.0,28,98.0,2744,7.454,0.0,7.454,0,0,0,3.75637191355354,368.1244475282469,94.62068965517241,0,0,0,0
2025-10-24T15:32:31.943141,2,2_0.0.0.0_0.0.0.0_0_0_0,0.0.0.0,0.0.0.0,0,0,0,7,454000000,10,30,1,14,1372,0.0,0.0,0.0,14,98.0,1372,7.454,0.0,7.454,0,0,0,1.87818595677677,184.06222376412344,91.46666666666667,0,0,0,0
2025-10-24T15:32:31.943167,2,2_0.0.0.0_0.0.0.0_0_0_0,0.0.0.0,0.0.0.0,0,0,0,7,454000000,10,30,1,14,1372,0.0,0.0,0.0,14,98.0,1372,7.454,0.0,7.454,0,0,0,1.87818595677677,184.06222376412344,91.46666666666667,0,0,0,0
2025-10-24T15:32:31.943187,2,2_0.0.0.0_0.0.0.0_0_0_0,0.0.0.0,0.0.0.0,0,0,0,7,442000000,10,30,1,28,2744,0.0,0.0,0.0,28,98.0,2744,7.442,0.0,7.442,0,0,0,3.7624289488808182,368.7180369903202,94.62068965517241,0,0,0,0
2025-10-24T15:32:31.943206,2,2_0.0.0.0_0.0.0.0_0_0_0,0.0.0.0,0.0.0.0,0,0,0,7,442000000,10,30,1,14,1372,0.0,0.0,0.0,14,98.0,1372,7.442,0.0,7.442,0,0,0,1.8812144744404091,184.3590184951601,91.46666666666667,0,0,0,0
2025-10-24T15:32:31.943224,2,2_0.0.0.0_0.0.0.0_0_0_0,0.0.0.0,0.0.0.0,0,0,0,7,424000000,10,30,1,13,1274,0.0,0.0,0.0,13,98.0,1274,7.424,0.0,7.424,0,0,0,1.7510773503397965,171.60558033330005,91.0,0,0,0,0
2025-10-24T15:32:31.943251,2,2_0.0.0.0_0.0.0.0_0_0_0,0.0.0.0,0.0.0.0,0,0,0,6,967000000,10,30,1,14,1372,0.0,0.0,0.0,14,98.0,1372,6.967,0.0,6.967,0,0,0,2.0094729425185958,196.9283483668224,91.46666666666667,0,0,0,0
2025-10-24T15:32:31.943292,2,2_0.0.0.0_0.0.0.0_0_0_0,0.0.0.0,0.0.0.0,0,0,0,6,964000000,10,30,1,13,1274,0.0,0.0,0.0,13,98.0,1274,6.964,0.0,6.964,0,0,0,1.8667429829490259,182.94081232900453,91.0,0,0,0,0
2025-10-24T15:32:31.943318,2,2_0.0.0.0_0.0.0.0_0_0_0,0.0.0.0,0.0.0.0,0,0,0,6,964000000,10,30,1,14,1372,0.0,0.0,0.0,14,98.0,1372,6.964,0.0,6.964,0,0,0,2.0103385970220278,197.01318250815874,91.46666666666667,0,0,0,0
2025-10-24T15:32:31.943337,2,2_0.0.0.0_0.0.0.0_0_0_0,0.0.0.0,0.0.0.0,0,0,0,6,465000000,10,30,1,12,1176,0.0,0.0,0.0,12,98.0,1176,6.465,0.0,6.465,0,0,0,1.856148204772126,181.90252406766837,90.46153846153847,0,0,0,0
2025-10-24T15:32:31.944550,4,4_0.0.0.0_0.0.0.0_0_0_0,0.0.0.0,0.0.0.0,0,0,0,7,455000000,10,30,1,14,1372,2.2016342563852858,215.760157125758,2.2016342563852858,14,98.0,1372,7.455,4.996288537979126,7.455,0,0,0,1.877934020397851,184.0375339989894,91.46666666666667,0,0,0,0
2025-10-24T15:32:31.944605,4,4_0.0.0.0_0.0.0.0_0_0_0,0.0.0.0,0.0.0.0,0,0,0,7,455000000,10,30,1,28,2744,0.0,0.0,0.0,28,98.0,2744,7.455,0.0,7.455,0,0,0,3.755868040795702,368.0750679979788,94.62068965517241,0,0,0,0
2025-10-24T15:32:31.944629,4,4_0.0.0.0_0.0.0.0_0_0_0,0.0.0.0,0.0.0.0,0,0,0,7,443000000,10,30,1,14,1372,0.0,0.0,0.0,14,98.0,1372,7.443,0.0,7.443,0,0,0,1.8809617249816304,184.33424904819978,91.46666666666667,0,0,0,0
2025-10-24T15:32:31.944649,4,4_0.0.0.0_0.0.0.0_0_0_0,0.0.0.0,0.0.0.0,0,0,0,7,443000000,10,30,1,28,2744,0.0,0.0,0.0,28,98.0,2744,7.443,0.0,7.443,0,0,0,3.761923449963261,368.66849809639956,94.62068965517241,0,0,0,0
2025-10-24T15:32:31.944668,4,4_0.0.0.0_0.0.0.0_0_0_0,0.0.0.0,0.0.0.0,0,0,0,7,431000000,10,30,1,14,1372,0.0,0.0,0.0,14,98.0,1372,7.431,0.0,7.431,0,0,0,1.8839992081820471,184.6319224018406,91.46666666666667,0,0,0,0
2025-10-24T15:32:31.944685,4,4_0.0.0.0_0.0.0.0_0_0_0,0.0.0.0,0.0.0.0,0,0,0,7,431000000,10,30,1,14,1372,0.0,0.0,0.0,14,98.0,1372,7.431,0.0,7.431,0,0,0,1.8839992081820471,184.6319224018406,91.46666666666667,0,0,0,0
2025-10-24T15:32:31.944703,4,4_0.0.0.0_0.0.0.0_0_0_0,0.0.0.0,0.0.0.0,0,0,0,6,467000000,10,30,1,13,1274,0.0,0.0,0.0,13,98.0,1274,6.467,0.0,6.467,0,0,0,2.010205348661613,197.00012416883808,91.0,0,0,0,0
2025-10-24T15:32:31.944721,4,4_0.0.0.0_0.0.0.0_0_0_0,0.0.0.0,0.0.0.0,0,0,0,6,466000000,10,30,1,13,1274,0.0,0.0,0.0,13,98.0,1274,6.466,0.0,6.466,0,0,0,2.010516237161114,197.03059124178915,91.0,0,0,0,0
2025-10-24T15:32:31.944745,3,3_0.0.0.0_0.0.0.0_0_0_0,0.0.0.0,0.0.0.0,0,0,0,7,455000000,10,30,1,14,1372,2.4007825732074,235.2766921743252,2.4007825732074,14,98.0,1372,7.455,4.998370170593262,7.455,0,0,0,1.877934020397851,184.0375339989894,91.46666666666667,0,0,0,0
2025-10-24T15:32:31.944766,3,3_0.0.0.0_0.0.0.0_0_0_0,0.0.0.0,0.0.0.0,0,0,0,7,455000000,10,30,1,14,1372,0.0,0.0,0.0,14,98.0,1372,7.455,0.0,7.455,0,0,0,1.877934020397851,184.0375339989894,91.46666666666667,0,0,0,0
2025-10-24T15:32:31.944783,3,3_0.0.0.0_0.0.0.0_0_0_0,0.0.0.0,0.0.0.0,0,0,0,7,443000000,10,30,1,14,1372,0.0,0.0,0.0,14,98.0,1372,7.443,0.0,7.443,0,0,0,1.8809617249816304,184.33424904819978,91.46666666666667,0,0,0,0
2025-10-24T15:32:31.944805,3,3_0.0.0.0_0.0.0.0_0_0_0,0.0.0.0,0.0.0.0,0,0,0,7,443000000,10,30,1,14,1372,0.0,0.0,0.0,14,98.0,1372,7.443,0.0,7.443,0,0,0,1.8809617249816304,184.33424904819978,91.46666666666667,0,0,0,0
2025-10-24T15:32:31.944826,3,3_0.0.0.0_0.0.0.0_0_0_0,0.0.0.0,0.0.0.0,0,0,0,7,443000000,10,30,1,14,1372,0.0,0.0,0.0,14,98.0,1372,7.443,0.0,7.443,0,0,0,1.8809617249816304,184.33424904819978,91.46666666666667,0,0,0,0
2025-10-24T15:32:31.944844,3,3_0.0.0.0_0.0.0.0_0_0_0,0.0.0.0,0.0.0.0,0,0,0,7,443000000,10,30,1,14,1372,0.0,0.0,0.0,14,98.0,1372,7.443,0.0,7.443,0,0,0,1.8809617249816304,184.33424904819978,91.46666666666667,0,0,0,0
2025-10-24T15:32:31.944862,3,3_0.0.0.0_0.0.0.0_0_0_0,0.0.0.0,0.0.0.0,0,0,0,7,432000000,10,30,1,29,2842,0.0,0.0,0.0,29,98.0,2842,7.432,0.0,7.432,0,0,0,3.9020446848701984,382.40037911727944,94.73333333333333,0,0,0,0
2025-10-24T15:32:31.944879,3,3_0.0.0.0_0.0.0.0_0_0_0,0.0.0.0,0.0.0.0,0,0,0,7,432000000,10,30,1,15,1470,0.0,0.0,0.0,15,98.0,1470,7.432,0.0,7.432,0,0,0,2.0182989749328613,197.7932995434204,91.875,0,0,0,0
2025-10-24T15:32:31.944896,3,3_0.0.0.0_0.0.0.0_0_0_0,0.0.0.0,0.0.0.0,0,0,0,7,432000000,10,30,1,15,1470,0.0,0.0,0.0,15,98.0,1470,7.432,0.0,7.432,0,0,0,2.0182989749328613,197.7932995434204,91.875,0,0,0,0
2025-10-24T15:32:31.944913,3,3_0.0.0.0_0.0.0.0_0_0_0,0.0.0.0,0.0.0.0,0,0,0,7,432000000,10,30,1,29,2842,0.0,0.0,0.0,29,98.0,2842,7.432,0.0,7.432,0,0,0,3.9020446848701984,382.40037911727944,94.73333333333333,0,0,0,0
2025-10-24T15:32:31.944931,3,3_0.0.0.0_0.0.0.0_0_0_0,0.0.0.0,0.0.0.0,0,0,0,6,966000000,10,30,1,13,1274,0.0,0.0,0.0,13,98.0,1274,6.966,0.0,6.966,0,0,0,1.8662070246616387,182.8882884168406,91.0,0,0,0,0
2025-10-24T15:32:31.944956,3,3_0.0.0.0_0.0.0.0_0_0_0,0.0.0.0,0.0.0.0,0,0,0,6,473000000,10,30,1,12,1176,0.0,0.0,0.0,12,98.0,1176,6.473,0.0,6.473,0,0,0,1.8538541860259252,181.67771023054067,90.46153846153847,0,0,0,0
2025-10-24T15:32:31.944978,3,3_0.0.0.0_0.0.0.0_0_0_0,0.0.0.0,0.0.0.0,0,0,0,6,471000000,10,30,1,13,1274,0.0,0.0,0.0,13,98.0,1274,6.471,0.0,6.471,0,0,0,2.008962755530404,196.8783500419796,91.0,0,0,0,0
2025-10-24T15:32:31.944995,3,3_0.0.0.0_0.0.0.0_0_0_0,0.0.0.0,0.0.0.0,0,0,0,6,469000000,10,30,1,12,1176,0.0,0.0,0.0,12,98.0,1176,6.469,0.0,6.469,0,0,0,1.8550004861647107,181.79004764414165,90.46153846153847,0,0,0,0
2025-10-24T15:32:36.946973,3,3_0.0.0.0_0.0.0.0_0_0_0,0.0.0.0,0.0.0.0,0,0,0,12,457000000,10,30,1,24,2352,2.3989425742551607,235.0963722770057,2.3989425742551607,24,98.0,2352,12.457,5.002203941345215,12.457,0,0,0,1.9266274442781213,188.80948953925588,94.08,0,0,0,0
2025-10-24T15:32:36.947190,3,3_0.0.0.0_0.0.0.0_0_0_0,0.0.0.0,0.0.0.0,0,0,0,12,457000000,10,30,1,24,2352,0.0,0.0,0.0,24,98.0,2352,12.457,0.0,12.457,0,0,0,1.9266274442781213,188.80948953925588,94.08,0,0,0,0
2025-10-24T15:32:36.947315,3,3_0.0.0.0_0.0.0.0_0_0_0,0.0.0.0,0.0.0.0,0,0,0,12,445000000,10,30,1,24,2352,0.0,0.0,0.0,24,98.0,2352,12.445,0.0,12.445,0,0,0,1.9284851805154537,188.99154769051447,94.08,0,0,0,0
2025-10-24T15:32:36.947442,3,3_0.0.0.0_0.0.0.0_0_0_0,0.0.0.0,0.0.0.0,0,0,0,12,445000000,10,30,1,24,2352,0.0,0.0,0.0,24,98.0,2352,12.445,0.0,12.445,0,0,0,1.9284851805154537,188.99154769051447,94.08,0,0,0,0
2025-10-24T15:32:36.947546,3,3_0.0.0.0_0.0.0.0_0_0_0,0.0.0.0,0.0.0.0,0,0,0,12,445000000,10,30,1,24,2352,0.0,0.0,0.0,24,98.0,2352,12.445,0.0,12.445,0,0,0,1.9284851805154537,188.99154769051447,94.08,0,0,0,0
2025-10-24T15:32:36.947641,3,3_0.0.0.0_0.0.0.0_0_0_0,0.0.0.0,0.0.0.0,0,0,0,12,445000000,10,30,1,24,2352,0.0,0.0,0.0,24,98.0,2352,12.445,0.0,12.445,0,0,0,1.9284851805154537,188.99154769051447,94.08,0,0,0,0
2025-10-24T15:32:36.947734,3,3_0.0.0.0_0.0.0.0_0_0_0,0.0.0.0,0.0.0.0,0,0,0,12,434000000,10,30,1,49,4802,0.0,0.0,0.0,49,98.0,4802,12.434,0.0,12.434,0,0,0,3.9408071464687837,386.1991003539408,96.04,0,0,0,0
2025-10-24T15:32:36.947822,3,3_0.0.0.0_0.0.0.0_0_0_0,0.0.0.0,0.0.0.0,0,0,0,12,434000000,10,30,1,25,2450,0.0,0.0,0.0,25,98.0,2450,12.434,0.0,12.434,0,0,0,2.010615891055502,197.0403573234392,94.23076923076923,0,0,0,0
2025-10-24T15:32:36.947908,3,3_0.0.0.0_0.0.0.0_0_0_0,0.0.0.0,0.0.0.0,0,0,0,12,434000000,10,30,1,25,2450,0.0,0.0,0.0,25,98.0,2450,12.434,0.0,12.434,0,0,0,2.010615891055502,197.0403573234392,94.23076923076923,0,0,0,0
2025-10-24T15:32:36.947991,3,3_0.0.0.0_0.0.0.0_0_0_0,0.0.0.0,0.0.0.0,0,0,0,12,434000000,10,30,1,49,4802,0.0,0.0,0.0,49,98.0,4802,12.434,0.0,12.434,0,0,0,3.9408071464687837,386.1991003539408,96.04,0,0,0,0
2025-10-24T15:32:36.948087,3,3_0.0.0.0_0.0.0.0_0_0_0,0.0.0.0,0.0.0.0,0,0,0,11,968000000,10,30,1,23,2254,0.0,0.0,0.0,23,98.0,2254,11.968,0.0,11.968,0,0,0,1.9217912832727873,188.33554576073314,93.91666666666667,0,0,0,0
2025-10-24T15:32:36.948176,3,3_0.0.0.0_0.0.0.0_0_0_0,0.0.0.0,0.0.0.0,0,0,0,11,475000000,10,30,1,22,2156,0.0,0.0,0.0,22,98.0,2156,11.475,0.0,11.475,0,0,0,1.9172111618988097,187.88669386608333,93.73913043478261,0,0,0,0
2025-10-24T15:32:36.948258,3,3_0.0.0.0_0.0.0.0_0_0_0,0.0.0.0,0.0.0.0,0,0,0,11,473000000,10,30,1,23,2254,0.0,0.0,0.0,23,98.0,2254,11.473,0.0,11.473,0,0,0,2.0047065279607317,196.46123974015168,93.91666666666667,0,0,0,0
2025-10-24T15:32:36.948341,3,3_0.0.0.0_0.0.0.0_0_0_0,0.0.0.0,0.0.0.0,0,0,0,11,471000000,10,30,1,22,2156,0.0,0.0,0.0,22,98.0,2156,11.471,0.0,11.471,0,0,0,1.9178797037852233,187.95221097095188,93.73913043478261,0,0,0,0
2025-10-24T15:32:36.948452,1,1_0.0.0.0_0.0.0.0_0_0_0,0.0.0.0,0.0.0.0,0,0,0,13,473000000,10,30,1,26,2548,2.597044017758184,254.510313740302,2.597044017758184,26,98.0,2548,13.473,5.005691051483154,13.473,0,0,0,1.929785353686235,189.11896466125106,94.37037037037037,0,0,0,0
2025-10-24T15:32:36.948550,1,1_0.0.0.0_0.0.0.0_0_0_0,0.0.0.0,0.0.0.0,0,0,0,13,466000000,10,30,1,27,2646,0.0,0.0,0.0,27,98.0,2646,13.466,0.0,13.466,0,0,0,2.00504960604117,196.49486139203466,94.5,0,0,0,0
2025-10-24T15:32:36.948634,1,1_0.0.0.0_0.0.0.0_0_0_0,0.0.0.0,0.0.0.0,0,0,0,13,462000000,10,30,1,27,2646,0.0,0.0,0.0,27,98.0,2646,13.462,0.0,13.462,0,0,0,2.005645371739313,196.55324643045267,94.5,0,0,0,0
2025-10-24T15:32:36.948717,1,1_0.0.0.0_0.0.0.0_0_0_0,0.0.0.0,0.0.0.0,0,0,0,12,981000000,10,30,1,26,2548,0.0,0.0,0.0,26,98.0,2548,12.981,0.0,12.981,0,0,0,2.0029272010687005,196.28686570473263,94.37037037037037,0,0,0,0
2025-10-24T15:32:36.948798,1,1_0.0.0.0_0.0.0.0_0_0_0,0.0.0.0,0.0.0.0,0,0,0,12,462000000,10,30,1,24,2352,0.0,0.0,0.0,24,98.0,2352,12.462,0.0,12.462,0,0,0,1.9258544434397014,188.73373545709075,94.08,0,0,0,0
2025-10-24T15:32:36.948878,1,1_0.0.0.0_0.0.0.0_0_0_0,0.0.0.0,0.0.0.0,0,0,0,12,455000000,10,30,1,25,2450,0.0,0.0,0.0,25,98.0,2450,12.455,0.0,12.455,0,0,0,2.0072258524908992,196.7081335441081,94.23076923076923,0,0,0,0
2025-10-24T15:32:36.948959,1,1_0.0.0.0_0.0.0.0_0_0_0,0.0.0.0,0.0.0.0,0,0,0,12,418000000,10,30,1,24,2352,0.0,0.0,0.0,24,98.0,2352,12.418,0.0,12.418,0,0,0,1.932678214472684,189.40246501832303,94.08,0,0,0,0
2025-10-24T15:32:36.949045,1,1_0.0.0.0_0.0.0.0_0_0_0,0.0.0.0,0.0.0.0,0,0,0,11,478000000,10,30,1,23,2254,0.0,0.0,0.0,23,98.0,2254,11.478,0.0,11.478,0,0,0,2.0038332458761765,196.3756580958653,93.91666666666667,0,0,0,0
2025-10-24T15:32:36.952725,2,2_0.0.0.0_0.0.0.0_0_0_0,0.0.0.0,0.0.0.0,0,0,0,13,477000000,10,30,1,27,2646,2.994206765474515,293.4322630165025,2.994206765474515,27,98.0,2646,13.477,5.009674072265625,13.477,0,0,0,2.0034130738730376,196.33448123955768,94.5,0,0,0,0
2025-10-24T15:32:36.952931,2,2_0.0.0.0_0.0.0.0_0_0_0,0.0.0.0,0.0.0.0,0,0,0,13,470000000,10,30,1,27,2646,0.0,0.0,0.0,27,98.0,2646,13.47,0.0,13.47,0,0,0,2.004454194175635,196.43651102921226,94.5,0,0,0,0
2025-10-24T15:32:36.953034,2,2_0.0.0.0_0.0.0.0_0_0_0,0.0.0.0,0.0.0.0,0,0,0,13,460000000,10,30,1,26,2548,0.0,0.0,0.0,26,98.0,2548,13.46,0.0,13.46,0,0,0,1.9316491878418136,189.30162040849774,94.37037037037037,0,0,0,0
2025-10-24T15:32:36.953144,2,2_0.0.0.0_0.0.0.0_0_0_0,0.0.0.0,0.0.0.0,0,0,0,12,978000000,10,30,1,26,2548,0.0,0.0,0.0,26,98.0,2548,12.978,0.0,12.978,0,0,0,2.0033901985367395,196.33223945660046,94.37037037037037,0,0,0,0
2025-10-24T15:32:36.953243,2,2_0.0.0.0_0.0.0.0_0_0_0,0.0.0.0,0.0.0.0,0,0,0,12,457000000,10,30,1,49,4802,0.0,0.0,0.0,49,98.0,4802,12.457,0.0,12.457,0,0,0,3.933531032067831,385.4860411426474,96.04,0,0,0,0
2025-10-24T15:32:36.953355,2,2_0.0.0.0_0.0.0.0_0_0_0,0.0.0.0,0.0.0.0,0,0,0,12,457000000,10,30,1,24,2352,0.0,0.0,0.0,24,98.0,2352,12.457,0.0,12.457,0,0,0,1.9266274442781213,188.80948953925588,94.08,0,0,0,0
2025-10-24T15:32:36.953444,2,2_0.0.0.0_0.0.0.0_0_0_0,0.0.0.0,0.0.0.0,0,0,0,12,457000000,10,30,1,24,2352,0.0,0.0,0.0,24,98.0,2352,12.457,0.0,12.457,0,0,0,1.9266274442781213,188.80948953925588,94.08,0,0,0,0
2025-10-24T15:32:36.953537,2,2_0.0.0.0_0.0.0.0_0_0_0,0.0.0.0,0.0.0.0,0,0,0,12,445000000,10,30,1,48,4704,0.0,0.0,0.0,48,98.0,4704,12.445,0.0,12.445,0,0,0,3.8569703610309074,377.98309538102893,96.0,0,0,0,0
2025-10-24T15:32:36.953642,2,2_0.0.0.0_0.0.0.0_0_0_0,0.0.0.0,0.0.0.0,0,0,0,12,445000000,10,30,1,24,2352,0.0,0.0,0.0,24,98.0,2352,12.445,0.0,12.445,0,0,0,1.9284851805154537,188.99154769051447,94.08,0,0,0,0
2025-10-24T15:32:36.953760,2,2_0.0.0.0_0.0.0.0_0_0_0,0.0.0.0,0.0.0.0,0,0,0,12,427000000,10,30,1,24,2352,0.0,0.0,0.0,24,98.0,2352,12.427,0.0,12.427,0,0,0,1.931278512007845,189.2652941767688,94.08,0,0,0,0
2025-10-24T15:32:36.953856,2,2_0.0.0.0_0.0.0.0_0_0_0,0.0.0.0,0.0.0.0,0,0,0,11,970000000,10,30,1,24,2352,0.0,0.0,0.0,24,98.0,2352,11.97,0.0,11.97,0,0,0,2.0050123638251995,196.49121165486955,94.08,0,0,0,0
2025-10-24T15:32:36.953929,2,2_0.0.0.0_0.0.0.0_0_0_0,0.0.0.0,0.0.0.0,0,0,0,11,967000000,10,30,1,23,2254,0.0,0.0,0.0,23,98.0,2254,11.967,0.0,11.967,0,0,0,1.9219518741579449,188.3512836674786,93.91666666666667,0,0,0,0
2025-10-24T15:32:36.954018,2,2_0.0.0.0_0.0.0.0_0_0_0,0.0.0.0,0.0.0.0,0,0,0,11,967000000,10,30,1,24,2352,0.0,0.0,0.0,24,98.0,2352,11.967,0.0,11.967,0,0,0,2.005514999121334,196.54046991389072,94.08,0,0,0,0
2025-10-24T15:32:36.954127,2,2_0.0.0.0_0.0.0.0_0_0_0,0.0.0.0,0.0.0.0,0,0,0,11,468000000,10,30,1,22,2156,0.0,0.0,0.0,22,98.0,2156,11.468,0.0,11.468,0,0,0,1.9183814162555446,188.00137879304336,93.73913043478261,0,0,0,0
2025-10-24T15:32:36.954241,4,4_0.0.0.0_0.0.0.0_0_0_0,0.0.0.0,0.0.0.0,0,0,0,12,458000000,10,30,1,24,2352,2.1957500605246185,215.1835059314126,2.1957500605246185,24,98.0,2352,12.458,5.009677648544312,12.458,0,0,0,1.9264727944716011,188.7943338582169,94.08,0,0,0,0
2025-10-24T15:32:36.954345,4,4_0.0.0.0_0.0.0.0_0_0_0,0.0.0.0,0.0.0.0,0,0,0,12,458000000,10,30,1,49,4802,0.0,0.0,0.0,49,98.0,4802,12.458,0.0,12.458,0,0,0,3.9332152887128524,385.4550982938595,96.04,0,0,0,0
2025-10-24T15:32:36.954423,4,4_0.0.0.0_0.0.0.0_0_0_0,0.0.0.0,0.0.0.0,0,0,0,12,446000000,10,30,1,24,2352,0.0,0.0,0.0,24,98.0,2352,12.446,0.0,12.446,0,0,0,1.9283302323372786,188.9763627690533,94.08,0,0,0,0
2025-10-24T15:32:36.954545,4,4_0.0.0.0_0.0.0.0_0_0_0,0.0.0.0,0.0.0.0,0,0,0,12,446000000,10,30,1,48,4704,0.0,0.0,0.0,48,98.0,4704,12.446,0.0,12.446,0,0,0,3.8566604646745573,377.9527255381066,96.0,0,0,0,0
2025-10-24T15:32:36.954626,4,4_0.0.0.0_0.0.0.0_0_0_0,0.0.0.0,0.0.0.0,0,0,0,12,434000000,10,30,1,24,2352,0.0,0.0,0.0,24,98.0,2352,12.434,0.0,12.434,0,0,0,1.9301912554132818,189.15874303050163,94.08,0,0,0,0
2025-10-24T15:32:36.954704,4,4_0.0.0.0_0.0.0.0_0_0_0,0.0.0.0,0.0.0.0,0,0,0,12,434000000,10,30,1,24,2352,0.0,0.0,0.0,24,98.0,2352,12.434,0.0,12.434,0,0,0,1.9301912554132818,189.15874303050163,94.08,0,0,0,0
2025-10-24T15:32:36.954814,4,4_0.0.0.0_0.0.0.0_0_0_0,0.0.0.0,0.0.0.0,0,0,0,11,470000000,10,30,1,23,2254,0.0,0.0,0.0,23,98.0,2254,11.47,0.0,11.47,0,0,0,2.0052308626651385,196.51262454118356,93.91666666666667,0,0,0,0
2025-10-24T15:32:36.954913,4,4_0.0.0.0_0.0.0.0_0_0_0,0.0.0.0,0.0.0.0,0,0,0,11,469000000,10,30,1,23,2254,0.0,0.0,0.0,23,98.0,2254,11.469,0.0,11.469,0,0,0,2.005405701856683,196.52975878195497,93.91666666666667,0,0,0,0
2025-10-24T15:32:41.947078,1,1_0.0.0.0_0.0.0.0_0_0_0,0.0.0.0,0.0.0.0,0,0,0,18,476000000,10,30,1,36,3528,2.6007105861501043,254.86963744271023,2.6007105861501043,36,98.0,3528,18.476,4.998633861541748,18.476,0,0,0,1.9484735901454,190.9504118342492,95.35135135135135,0,0,0,0
2025-10-24T15:32:41.947160,1,1_0.0.0.0_0.0.0.0_0_0_0,0.0.0.0,0.0.0.0,0,0,0,18,469000000,10,30,1,37,3626,0.0,0.0,0.0,37,98.0,3626,18.469,0.0,18.469,0,0,0,2.0033568680839853,196.32897307223058,95.42105263157895,0,0,0,0
2025-10-24T15:32:41.947188,1,1_0.0.0.0_0.0.0.0_0_0_0,0.0.0.0,0.0.0.0,0,0,0,18,465000000,10,30,1,37,3626,0.0,0.0,0.0,37,98.0,3626,18.465,0.0,18.465,0,0,0,2.003790847344119,196.37150303972362,95.42105263157895,0,0,0,0
2025-10-24T15:32:41.947209,1,1_0.0.0.0_0.0.0.0_0_0_0,0.0.0.0,0.0.0.0,0,0,0,17,984000000,10,30,1,36,3528,0.0,0.0,0.0,36,98.0,3528,17.984,0.0,17.984,0,0,0,2.0017792481217054,196.1743663159271,95.35135135135135,0,0,0,0
2025-10-24T15:32:41.947228,1,1_0.0.0.0_0.0.0.0_0_0_0,0.0.0.0,0.0.0.0,0,0,0,17,465000000,10,30,1,34,3332,0.0,0.0,0.0,34,98.0,3332,17.465,0.0,17.465,0,0,0,1.9467505326796144,190.7815522026022,95.2,0,0,0,0
2025-10-24T15:32:41.947247,1,1_0.0.0.0_0.0.0.0_0_0_0,0.0.0.0,0.0.0.0,0,0,0,17,458000000,10,30,1,35,3430,0.0,0.0,0.0,35,98.0,3430,17.458,0.0,17.458,0,0,0,2.0048114328782547,196.47152042206895,95.27777777777777,0,0,0,0
2025-10-24T15:32:41.947270,1,1_0.0.0.0_0.0.0.0_0_0_0,0.0.0.0,0.0.0.0,0,0,0,17,421000000,10,30,1,35,3430,0.0,0.0,0.0,35,98.0,3430,17.421,0.0,17.421,0,0,0,2.009069398480604,196.8888010510992,95.27777777777777,0,0,0,0
2025-10-24T15:32:41.947292,1,1_0.0.0.0_0.0.0.0_0_0_0,0.0.0.0,0.0.0.0,0,0,0,16,481000000,10,30,1,33,3234,0.0,0.0,0.0,33,98.0,3234,16.481,0.0,16.481,0,0,0,2.0023055638428753,196.2259452566018,95.11764705882354,0,0,0,0
2025-10-24T15:32:41.947323,3,3_0.0.0.0_0.0.0.0_0_0_0,0.0.0.0,0.0.0.0,0,0,0,17,459000000,10,30,1,34,3332,2.399821256599292,235.18248314673065,2.399821256599292,34,98.0,3332,17.459,5.000372409820557,17.459,0,0,0,1.9474195573962105,190.84711662482863,95.2,0,0,0,0
2025-10-24T15:32:41.947350,3,3_0.0.0.0_0.0.0.0_0_0_0,0.0.0.0,0.0.0.0,0,0,0,17,459000000,10,30,1,34,3332,0.0,0.0,0.0,34,98.0,3332,17.459,0.0,17.459,0,0,0,1.9474195573962105,190.84711662482863,95.2,0,0,0,0
2025-10-24T15:32:41.947373,3,3_0.0.0.0_0.0.0.0_0_0_0,0.0.0.0,0.0.0.0,0,0,0,17,447000000,10,30,1,34,3332,0.0,0.0,0.0,34,98.0,3332,17.447,0.0,17.447,0,0,0,1.9487589872895634,190.9783807543772,95.2,0,0,0,0
2025-10-24T15:32:41.947397,3,3_0.0.0.0_0.0.0.0_0_0_0,0.0.0.0,0.0.0.0,0,0,0,17,447000000,10,30,1,34,3332,0.0,0.0,0.0,34,98.0,3332,17.447,0.0,17.447,0,0,0,1.9487589872895634,190.9783807543772,95.2,0,0,0,0
2025-10-24T15:32:41.947419,3,3_0.0.0.0_0.0.0.0_0_0_0,0.0.0.0,0.0.0.0,0,0,0,17,447000000,10,30,1,34,3332,0.0,0.0,0.0,34,98.0,3332,17.447,0.0,17.447,0,0,0,1.9487589872895634,190.9783807543772,95.2,0,0,0,0
2025-10-24T15:32:41.947443,3,3_0.0.0.0_0.0.0.0_0_0_0,0.0.0.0,0.0.0.0,0,0,0,17,447000000,10,30,1,34,3332,0.0,0.0,0.0,34,98.0,3332,17.447,0.0,17.447,0,0,0,1.9487589872895634,190.9783807543772,95.2,0,0,0,0
2025-10-24T15:32:41.947468,3,3_0.0.0.0_0.0.0.0_0_0_0,0.0.0.0,0.0.0.0,0,0,0,17,436000000,10,30,1,69,6762,0.0,0.0,0.0,69,98.0,6762,17.436,0.0,17.436,0,0,0,3.9573294358035422,387.8182847087471,96.6,0,0,0,0
2025-10-24T15:32:41.947485,3,3_0.0.0.0_0.0.0.0_0_0_0,0.0.0.0,0.0.0.0,0,0,0,17,436000000,10,30,1,35,3430,0.0,0.0,0.0,35,98.0,3430,17.436,0.0,17.436,0,0,0,2.007341018161217,196.71941977979927,95.27777777777777,0,0,0,0
2025-10-24T15:32:41.947503,3,3_0.0.0.0_0.0.0.0_0_0_0,0.0.0.0,0.0.0.0,0,0,0,17,436000000,10,30,1,35,3430,0.0,0.0,0.0,35,98.0,3430,17.436,0.0,17.436,0,0,0,2.007341018161217,196.71941977979927,95.27777777777777,0,0,0,0
2025-10-24T15:32:41.947520,3,3_0.0.0.0_0.0.0.0_0_0_0,0.0.0.0,0.0.0.0,0,0,0,17,436000000,10,30,1,69,6762,0.0,0.0,0.0,69,98.0,6762,17.436,0.0,17.436,0,0,0,3.9573294358035422,387.8182847087471,96.6,0,0,0,0
2025-10-24T15:32:41.947537,3,3_0.0.0.0_0.0.0.0_0_0_0,0.0.0.0,0.0.0.0,0,0,0,16,970000000,10,30,1,33,3234,0.0,0.0,0.0,33,98.0,3234,16.97,0.0,16.97,0,0,0,1.9446080174067166,190.57158570585824,95.11764705882354,0,0,0,0
2025-10-24T15:32:41.947554,3,3_0.0.0.0_0.0.0.0_0_0_0,0.0.0.0,0.0.0.0,0,0,0,16,477000000,10,30,1,32,3136,0.0,0.0,0.0,32,98.0,3136,16.477,0.0,16.477,0,0,0,1.942100992771682,190.32589729162484,95.03030303030303,0,0,0,0
2025-10-24T15:32:41.947572,3,3_0.0.0.0_0.0.0.0_0_0_0,0.0.0.0,0.0.0.0,0,0,0,16,475000000,10,30,1,33,3234,0.0,0.0,0.0,33,98.0,3234,16.475,0.0,16.475,0,0,0,2.0030347797854455,196.29740841897367,95.11764705882354,0,0,0,0
2025-10-24T15:32:41.947589,3,3_0.0.0.0_0.0.0.0_0_0_0,0.0.0.0,0.0.0.0,0,0,0,16,473000000,10,30,1,32,3136,0.0,0.0,0.0,32,98.0,3136,16.473,0.0,16.473,0,0,0,1.942572576787921,190.37211252521627,95.03030303030303,0,0,0,0
2025-10-24T15:32:41.948668,2,2_0.0.0.0_0.0.0.0_0_0_0,0.0.0.0,0.0.0.0,0,0,0,18,479000000,10,30,1,37,3626,3.002418654477536,294.23702813879856,3.002418654477536,37,98.0,3626,18.479,4.995972156524658,18.479,0,0,0,2.0022727419085045,196.22272870703347,95.42105263157895,0,0,0,0
2025-10-24T15:32:41.948712,2,2_0.0.0.0_0.0.0.0_0_0_0,0.0.0.0,0.0.0.0,0,0,0,18,472000000,10,30,1,37,3626,0.0,0.0,0.0,37,98.0,3626,18.472,0.0,18.472,0,0,0,2.003031506981837,196.29708768422,95.42105263157895,0,0,0,0
2025-10-24T15:32:41.948734,2,2_0.0.0.0_0.0.0.0_0_0_0,0.0.0.0,0.0.0.0,0,0,0,18,462000000,10,30,1,36,3528,0.0,0.0,0.0,36,98.0,3528,18.462,0.0,18.462,0,0,0,1.9499511455990062,191.0952122687026,95.35135135135135,0,0,0,0
2025-10-24T15:32:41.948755,2,2_0.0.0.0_0.0.0.0_0_0_0,0.0.0.0,0.0.0.0,0,0,0,17,980000000,10,30,1,36,3528,0.0,0.0,0.0,36,98.0,3528,17.98,0.0,17.98,0,0,0,2.00222458274613,196.21800910912071,95.35135135135135,0,0,0,0
2025-10-24T15:32:41.948773,2,2_0.0.0.0_0.0.0.0_0_0_0,0.0.0.0,0.0.0.0,0,0,0,17,459000000,10,30,1,69,6762,0.0,0.0,0.0,69,98.0,6762,17.459,0.0,17.459,0,0,0,3.9521161605981923,387.30738373862283,96.6,0,0,0,0
2025-10-24T15:32:41.948791,2,2_0.0.0.0_0.0.0.0_0_0_0,0.0.0.0,0.0.0.0,0,0,0,17,459000000,10,30,1,34,3332,0.0,0.0,0.0,34,98.0,3332,17.459,0.0,17.459,0,0,0,1.9474195573962105,190.84711662482863,95.2,0,0,0,0
2025-10-24T15:32:41.948810,2,2_0.0.0.0_0.0.0.0_0_0_0,0.0.0.0,0.0.0.0,0,0,0,17,459000000,10,30,1,34,3332,0.0,0.0,0.0,34,98.0,3332,17.459,0.0,17.459,0,0,0,1.9474195573962105,190.84711662482863,95.2,0,0,0,0
2025-10-24T15:32:41.948828,2,2_0.0.0.0_0.0.0.0_0_0_0,0.0.0.0,0.0.0.0,0,0,0,17,447000000,10,30,1,68,6664,0.0,0.0,0.0,68,98.0,6664,17.447,0.0,17.447,0,0,0,3.897517974579127,381.9567615087544,96.57971014492753,0,0,0,0
2025-10-24T15:32:41.948845,2,2_0.0.0.0_0.0.0.0_0_0_0,0.0.0.0,0.0.0.0,0,0,0,17,447000000,10,30,1,34,3332,0.0,0.0,0.0,34,98.0,3332,17.447,0.0,17.447,0,0,0,1.9487589872895634,190.9783807543772,95.2,0,0,0,0
2025-10-24T15:32:41.948862,2,2_0.0.0.0_0.0.0.0_0_0_0,0.0.0.0,0.0.0.0,0,0,0,17,429000000,10,30,1,34,3332,0.0,0.0,0.0,34,98.0,3332,17.429,0.0,17.429,0,0,0,1.9507715904084233,191.1756158600255,95.2,0,0,0,0
2025-10-24T15:32:41.948880,2,2_0.0.0.0_0.0.0.0_0_0_0,0.0.0.0,0.0.0.0,0,0,0,16,972000000,10,30,1,34,3332,0.0,0.0,0.0,34,98.0,3332,16.972,0.0,16.972,0,0,0,2.0032994341680745,196.3233445484713,95.2,0,0,0,0
2025-10-24T15:32:41.948906,2,2_0.0.0.0_0.0.0.0_0_0_0,0.0.0.0,0.0.0.0,0,0,0,16,969000000,10,30,1,33,3234,0.0,0.0,0.0,33,98.0,3234,16.969,0.0,16.969,0,0,0,1.944722615079108,190.58281627775256,95.11764705882354,0,0,0,0
2025-10-24T15:32:41.948932,2,2_0.0.0.0_0.0.0.0_0_0_0,0.0.0.0,0.0.0.0,0,0,0,16,969000000,10,30,1,34,3332,0.0,0.0,0.0,34,98.0,3332,16.969,0.0,16.969,0,0,0,2.0036536034148384,196.35805313465417,95.2,0,0,0,0
2025-10-24T15:32:41.948951,2,2_0.0.0.0_0.0.0.0_0_0_0,0.0.0.0,0.0.0.0,0,0,0,16,470000000,10,30,1,32,3136,0.0,0.0,0.0,32,98.0,3136,16.47,0.0,16.47,0,0,0,1.942926415122865,190.40678868204077,95.03030303030303,0,0,0,0
2025-10-24T15:32:41.948977,4,4_0.0.0.0_0.0.0.0_0_0_0,0.0.0.0,0.0.0.0,0,0,0,17,459000000,10,30,1,34,3332,2.202311261585056,215.82650363533543,2.202311261585056,34,98.0,3332,17.459,4.994752645492554,17.459,0,0,0,1.9474195573962105,190.84711662482863,95.2,0,0,0,0
2025-10-24T15:32:41.948998,4,4_0.0.0.0_0.0.0.0_0_0_0,0.0.0.0,0.0.0.0,0,0,0,17,459000000,10,30,1,69,6762,0.0,0.0,0.0,69,98.0,6762,17.459,0.0,17.459,0,0,0,3.9521161605981923,387.30738373862283,96.6,0,0,0,0
2025-10-24T15:32:41.949015,4,4_0.0.0.0_0.0.0.0_0_0_0,0.0.0.0,0.0.0.0,0,0,0,17,447000000,10,30,1,34,3332,0.0,0.0,0.0,34,98.0,3332,17.447,0.0,17.447,0,0,0,1.9487589872895634,190.9783807543772,95.2,0,0,0,0
2025-10-24T15:32:41.949035,4,4_0.0.0.0_0.0.0.0_0_0_0,0.0.0.0,0.0.0.0,0,0,0,17,447000000,10,30,1,68,6664,0.0,0.0,0.0,68,98.0,6664,17.447,0.0,17.447,0,0,0,3.897517974579127,381.9567615087544,96.57971014492753,0,0,0,0
2025-10-24T15:32:41.949059,4,4_0.0.0.0_0.0.0.0_0_0_0,0.0.0.0,0.0.0.0,0,0,0,17,435000000,10,30,1,34,3332,0.0,0.0,0.0,34,98.0,3332,17.435,0.0,17.435,0,0,0,1.950100260963564,191.10982557442927,95.2,0,0,0,0
2025-10-24T15:32:41.949081,4,4_0.0.0.0_0.0.0.0_0_0_0,0.0.0.0,0.0.0.0,0,0,0,17,435000000,10,30,1,34,3332,0.0,0.0,0.0,34,98.0,3332,17.435,0.0,17.435,0,0,0,1.950100260963564,191.10982557442927,95.2,0,0,0,0
2025-10-24T15:32:41.949098,4,4_0.0.0.0_0.0.0.0_0_0_0,0.0.0.0,0.0.0.0,0,0,0,16,471000000,10,30,1,33,3234,0.0,0.0,0.0,33,98.0,3234,16.471,0.0,16.471,0,0,0,2.0035212188985962,196.34507945206244,95.11764705882354,0,0,0,0
2025-10-24T15:32:41.949115,4,4_0.0.0.0_0.0.0.0_0_0_0,0.0.0.0,0.0.0.0,0,0,0,16,470000000,10,30,1,33,3234,0.0,0.0,0.0,33,98.0,3234,16.47,0.0,16.47,0,0,0,2.0036428655954546,196.35700082835453,95.11764705882354,0,0,0,0
2025-10-24T15:32:46.947702,1,1_0.0.0.0_0.0.0.0_0_0_0,0.0.0.0,0.0.0.0,0,0,0,23,478000000,10,30,1,46,4508,2.599692323858842,254.7698477381665,2.599692323858842,46,98.0,4508,23.478,5.00059175491333,23.478,0,0,0,1.9592809455966884,192.00953266847546,95.91489361702128,0,0,0,0
2025-10-24T15:32:46.947975,1,1_0.0.0.0_0.0.0.0_0_0_0,0.0.0.0,0.0.0.0,0,0,0,23,471000000,10,30,1,47,4606,0.0,0.0,0.0,47,98.0,4606,23.471,0.0,23.471,0,0,0,2.002471049274805,196.2421628289309,95.95833333333333,0,0,0,0
2025-10-24T15:32:46.948116,1,1_0.0.0.0_0.0.0.0_0_0_0,0.0.0.0,0.0.0.0,0,0,0,23,467000000,10,30,1,47,4606,0.0,0.0,0.0,47,98.0,4606,23.467,0.0,23.467,0,0,0,2.0028123747043773,196.27561272102898,95.95833333333333,0,0,0,0
2025-10-24T15:32:46.948207,1,1_0.0.0.0_0.0.0.0_0_0_0,0.0.0.0,0.0.0.0,0,0,0,22,986000000,10,30,1,46,4508,0.0,0.0,0.0,46,98.0,4508,22.986,0.0,22.986,0,0,0,2.0012180457139976,196.11936847997177,95.91489361702128,0,0,0,0
2025-10-24T15:32:46.948297,1,1_0.0.0.0_0.0.0.0_0_0_0,0.0.0.0,0.0.0.0,0,0,0,22,467000000,10,30,1,44,4312,0.0,0.0,0.0,44,98.0,4312,22.467,0.0,22.467,0,0,0,1.9584278293306703,191.9259272744057,95.82222222222222,0,0,0,0
2025-10-24T15:32:46.948388,1,1_0.0.0.0_0.0.0.0_0_0_0,0.0.0.0,0.0.0.0,0,0,0,22,460000000,10,30,1,45,4410,0.0,0.0,0.0,45,98.0,4410,22.46,0.0,22.46,0,0,0,2.003561798594755,196.34905626228598,95.8695652173913,0,0,0,0
2025-10-24T15:32:46.948475,1,1_0.0.0.0_0.0.0.0_0_0_0,0.0.0.0,0.0.0.0,0,0,0,22,423000000,10,30,1,45,4410,0.0,0.0,0.0,45,98.0,4410,22.423,0.0,22.423,0,0,0,2.0068678585885986,196.67305014168264,95.8695652173913,0,0,0,0
2025-10-24T15:32:46.948561,1,1_0.0.0.0_0.0.0.0_0_0_0,0.0.0.0,0.0.0.0,0,0,0,21,483000000,10,30,1,43,4214,0.0,0.0,0.0,43,98.0,4214,21.483,0.0,21.483,0,0,0,2.0015825535734044,196.1550902501936,95.77272727272727,0,0,0,0
2025-10-24T15:32:46.955341,3,3_0.0.0.0_0.0.0.0_0_0_0,0.0.0.0,0.0.0.0,0,0,0,22,461000000,10,30,1,44,4312,2.396169491662598,234.82461018293463,2.396169491662598,44,98.0,4312,22.461,5.00799298286438,22.461,0,0,0,1.9589509835291847,191.9771963858601,95.82222222222222,0,0,0,0
2025-10-24T15:32:46.955528,3,3_0.0.0.0_0.0.0.0_0_0_0,0.0.0.0,0.0.0.0,0,0,0,22,461000000,10,30,1,44,4312,0.0,0.0,0.0,44,98.0,4312,22.461,0.0,22.461,0,0,0,1.9589509835291847,191.9771963858601,95.82222222222222,0,0,0,0
2025-10-24T15:32:46.955622,3,3_0.0.0.0_0.0.0.0_0_0_0,0.0.0.0,0.0.0.0,0,0,0,22,449000000,10,30,1,44,4312,0.0,0.0,0.0,44,98.0,4312,22.449,0.0,22.449,0,0,0,1.9599981308745096,192.07981682570193,95.82222222222222,0,0,0,0
2025-10-24T15:32:46.955701,3,3_0.0.0.0_0.0.0.0_0_0_0,0.0.0.0,0.0.0.0,0,0,0,22,449000000,10,30,1,44,4312,0.0,0.0,0.0,44,98.0,4312,22.449,0.0,22.449,0,0,0,1.9599981308745096,192.07981682570193,95.82222222222222,0,0,0,0
2025-10-24T15:32:46.955778,3,3_0.0.0.0_0.0.0.0_0_0_0,0.0.0.0,0.0.0.0,0,0,0,22,449000000,10,30,1,44,4312,0.0,0.0,0.0,44,98.0,4312,22.449,0.0,22.449,0,0,0,1.9599981308745096,192.07981682570193,95.82222222222222,0,0,0,0
2025-10-24T15:32:46.955854,3,3_0.0.0.0_0.0.0.0_0_0_0,0.0.0.0,0.0.0.0,0,0,0,22,449000000,10,30,1,44,4312,0.0,0.0,0.0,44,98.0,4312,22.449,0.0,22.449,0,0,0,1.9599981308745096,192.07981682570193,95.82222222222222,0,0,0,0
2025-10-24T15:32:46.955927,3,3_0.0.0.0_0.0.0.0_0_0_0,0.0.0.0,0.0.0.0,0,0,0,22,438000000,10,30,1,89,8722,0.0,0.0,0.0,89,98.0,8722,22.438,0.0,22.438,0,0,0,3.9664852497332537,388.7155544738589,96.91111111111111,0,0,0,0
2025-10-24T15:32:46.956003,3,3_0.0.0.0_0.0.0.0_0_0_0,0.0.0.0,0.0.0.0,0,0,0,22,438000000,10,30,1,45,4410,0.0,0.0,0.0,45,98.0,4410,22.438,0.0,22.438,0,0,0,2.0055262498651283,196.54157248678257,95.8695652173913,0,0,0,0
2025-10-24T15:32:46.956091,3,3_0.0.0.0_0.0.0.0_0_0_0,0.0.0.0,0.0.0.0,0,0,0,22,438000000,10,30,1,45,4410,0.0,0.0,0.0,45,98.0,4410,22.438,0.0,22.438,0,0,0,2.0055262498651283,196.54157248678257,95.8695652173913,0,0,0,0
2025-10-24T15:32:46.956166,3,3_0.0.0.0_0.0.0.0_0_0_0,0.0.0.0,0.0.0.0,0,0,0,22,438000000,10,30,1,89,8722,0.0,0.0,0.0,89,98.0,8722,22.438,0.0,22.438,0,0,0,3.9664852497332537,388.7155544738589,96.91111111111111,0,0,0,0
2025-10-24T15:32:46.956237,3,3_0.0.0.0_0.0.0.0_0_0_0,0.0.0.0,0.0.0.0,0,0,0,21,972000000,10,30,1,43,4214,0.0,0.0,0.0,43,98.0,4214,21.972,0.0,21.972,0,0,0,1.9570361388569022,191.78954160797642,95.77272727272727,0,0,0,0
2025-10-24T15:32:46.956308,3,3_0.0.0.0_0.0.0.0_0_0_0,0.0.0.0,0.0.0.0,0,0,0,21,479000000,10,30,1,42,4116,0.0,0.0,0.0,42,98.0,4116,21.479,0.0,21.479,0,0,0,1.9553982049723821,191.62902408729343,95.72093023255815,0,0,0,0
2025-10-24T15:32:46.956380,3,3_0.0.0.0_0.0.0.0_0_0_0,0.0.0.0,0.0.0.0,0,0,0,21,477000000,10,30,1,43,4214,0.0,0.0,0.0,43,98.0,4214,21.477,0.0,21.477,0,0,0,2.0021417329169933,196.20988982586533,95.77272727272727,0,0,0,0
2025-10-24T15:32:46.956450,3,3_0.0.0.0_0.0.0.0_0_0_0,0.0.0.0,0.0.0.0,0,0,0,21,475000000,10,30,1,42,4116,0.0,0.0,0.0,42,98.0,4116,21.475,0.0,21.475,0,0,0,1.955762423480213,191.66471750106086,95.72093023255815,0,0,0,0
2025-10-24T15:32:46.956585,4,4_0.0.0.0_0.0.0.0_0_0_0,0.0.0.0,0.0.0.0,0,0,0,22,461000000,10,30,1,44,4312,2.196670248483227,215.27368435135625,2.196670248483227,44,98.0,4312,22.461,5.00757908821106,22.461,0,0,0,1.9589509835291847,191.9771963858601,95.82222222222222,0,0,0,0
2025-10-24T15:32:46.956679,4,4_0.0.0.0_0.0.0.0_0_0_0,0.0.0.0,0.0.0.0,0,0,0,22,461000000,10,30,1,89,8722,0.0,0.0,0.0,89,98.0,8722,22.461,0.0,22.461,0,0,0,3.9624235803203964,388.31751087139884,96.91111111111111,0,0,0,0
